2210 3984
470 143 570 192 AD
606 140 735 190 LIB.
770 134 863 188 111.
900 138 1072 188 HIST.
1107 139 1166 190 C.
1202 139 1411 190 CORN.
1442 140 1692 193 TACITI.
1928 147 2027 205 567

98 287 279 322 sensu:
307 268 414 340 juS‚
451 269 590 339 quod
615 287 816 321 sacrum
840 266 1242 339 inviolatumque
1266 277 1385 338 erga
1409 278 1608 322 exteras
1646 279 1821 340 gentes
1854 291 2020 326 serva-

94 379 228 414 mus.
303 360 498 412 Melias
524 361 662 412 certe
689 360 861 412 MSS.
888 359 1041 411 Harl.
1079 360 1236 413 Bodl.
1266 360 1582 414 Puteolanus
1609 373 1660 414 et
1694 363 2017 432 recentioreS‚

48 492 53 505 -,
93 451 230 508 inter
251 462 447 505 exteras
467 463 658 524 gentes.
732 452 796 503 Id
821 452 973 516 enim,
1002 461 1058 502 ut
1085 452 1223 504 recte
1249 455 1485 506 observat
1511 454 1778 520 Emestus,
1801 455 1877 522 iis,
1905 478 2018 528 quae

94 562 220 598 mox
238 554 538 615 sequuntur,
557 554 675 596 ante
690 544 800 614 ipsa
816 544 1008 614 patriae
1032 545 1238 609 maenia,
1266 544 1564 615 opponitur.

169 727 321 781 CAP.
346 736 432 782 81.
471 727 756 791 DisserenS,
798 737 1023 780 armatos
1055 747 1275 780 monere.
1352 729 1635 798 Perperam
1663 729 1835 785 MSS.
1862 731 2017 786 Harl.

96 819 147 873 G
156 819 277 873 uelf.
318 829 371 873 et
412 820 746 885 Puteolanus,
787 839 1002 873 movere.
1077 819 1205 872 Inde
1245 821 1364 873 cum
1401 820 1762 891 intempestiva
1798 824 2016 878 hominis

16 905 20 908 ’
95 912 344 982 sapientia
360 911 523 964 ‘animi
544 931 648 964 non
670 911 883 964 fuissent
906 912 1049 978 moti,
1074 912 1183 965 haec
1209 922 1446 982 suspecta
1471 922 1522 965 et
1544 913 1751 966 insititia
1775 915 2016 986 conjicie-

91 1005 182 1058 bat
209 1004 481 1057 Gruterus.
554 1003 630 1056 At
653 1007 811 1056 verbo
843 1022 1058 1069 monere,
1085 1005 1225 1075 quod
1249 1005 1442 1056 habent
1465 1004 1621 1074 vulgo
1661 1006 1833 1059 MSS.
1859 1007 2014 1061 editio

92 1096 329 1166 princeps
354 1107 406 1150 et
422 1096 745 1162 recentiores,
764 1096 966 1166 penitus
991 1095 1189 1149 tollitur
1209 1095 1499 1149 difficultas,

169 1188 417 1259 Supremo
466 1189 750 1242 certamini.
826 1188 997 1242 MSS.
1043 1189 1177 1258 Reg.
1225 1188 1354 1258 Agr.
1405 1198 1457 1243 et
1505 1190 1752 1243 editiones
1800 1182 2012 1258 vetereS,

91 1300 321 1354 supremo
348 1281 642 1334 certam-ine.

173 1372 344 1427 Unum
362 1373 513 1427 diem.
590 1371 652 1424 In
676 1372 1043 1426 recentioribus
1063 1373 1261 1426 tantum
1280 1373 1604 1439 editionibuS,
1628 1393 1788 1427 unam
1810 1373 1959 1427 diem.

97 1539 100 1542 Δ
165 1465 503 1520 Postulabat.
580 1465 726 1518 Bene
763 1465 935 1519 MSS.
963 1465 1101 1519 Flor.
1129 1464 1281 1518 Harl.
1310 1464 1464 1518 Bodl.
1490 1466 1524 1519 J
1530 1483 1601 1518 eS.
1630 1465 1792 1519 Corb.
1830 1466 2012 1521 Guelf.

90 1559 225 1629 Agr.
251 1547 479 1627 Ryckius
513 1567 565 1610 et
603 1557 925 1611 recentioreS.
998 1557 1062 1610 In
1103 1558 1232 1610 MS.
1261 1557 1395 1628 Reg.
1420 1567 1473 1611 et
1495 1556 1800 1611 editionibus
1833 1558 2016 1611 veteri-

90 1653 208 1716 ὕας,
220 1650 577 1721 postulabant.

163 1741 412 1796 Diremta
437 1742 560 1795 belli
583 1742 901 1795 commercia.
976 1739 1125 1794 Male
1146 1741 1318 1795 MSS.
1340 1742 1475 1811 Reg.
1496 1740 1649 1797 Harl.
1663 1741 1700 1797 J
1704 1761 1773 1795 eS.
1790 1742 2021 1814 direpta..

91 1832 325 1890 Pessime
349 1837 579 1889 tentabat
605 1834 899 1902 Rhenanus,
928 1833 1447 1888 bellico-commercia.

165 2021 255 2075 CA
266 2038 317 2075 P.
342 2028 429 2077 82.
469 2020 694 2076 Pontem
718 2020 987 2076 Milvium.
1063 2021 1150 2075 Sic
1178 2019 1349 2074 MSS.
1374 2030 1425 2073 et
1448 2029 1640 2073 veteres
1664 2018 1929 2087 editiones,
1957 2031 2014 2074 ut

80 2115 415 2185 jamdictum
442 2123 521 2168 est
558 2100 711 2184 supra
742 2114 795 2166 in
827 2124 934 2166 not.
959 2124 1011 2167 et
1043 2114 1244 2165 emend.
1276 2114 1340 2165 ad
1365 2111 1553 2166 Annal.
1581 2130 1726 2165 XIII.
1750 2119 1839 2171 47.
1878 2113 2012 2167 MS.

92 2205 256 2260 Corb.
269 2216 481 2277 pontem
506 2207 686 2260 Milvi.

162 2299 583 2372 Ingrederentur.
658 2299 787 2353 MS.
810 2298 847 2354 J
851 2319 924 2353 es,
949 2298 1318 2371 ingrederetur.

167 2391 384 2474 Omnem
402 2391 765 2464 prolationem.
840 2390 925 2443 Ita
961 2391 1133 2444 MSS.
1160 2390 1301 2447 Flor.
1335 2390 1466 2460 Reg.
1510 2389 1664 2444 Harl.
1702 2390 1813 2444 JeS.
1847 2390 2010 2446 Corb.

91 2485 277 2539 Guelf.
301 2487 456 2540 editio
482 2484 739 2556 princep8‚
763 2484 800 2537 J
805 2503 883 2537 ac.
905 2483 1201 2537 Gronovius
1227 2494 1279 2536 et
1302 2482 1624 2535 recentiores.
1697 2481 1827 2536 MS.
1854 2482 2021 2545 Bodl.

1 2620 4 2621 γ
89 2588 143 2631 et
167 2578 505 2643 Puteolanus,
533 2596 729 2630 omnem
742 2577 1166 2648 prolatationem.
1238 2576 1491 2629 Additum
1515 2576 1678 2628 adhuc
1701 2575 1754 2628 in
1784 2576 2012 2646 margine

91 2669 224 2725 MS.
252 2671 410 2724 Bodl.
436 2671 801 2743 prolationem.
872 2668 1026 2722 Unde
1061 2669 1258 2722 videtur
1294 2687 1494 2733 vocem,
1522 2666 1941 2738 prolatationem,
1979 2666 2013 2721 ἱὶ

47 2800 52 2804 1
90 2760 246 2816 Latio
281 2783 488 2833 prorsus
512 2782 621 2815 esse
656 2762 1007 2830 ablegandam‚
1033 2762 1152 2813 cum
1177 2779 1430 2830 nusquam
1463 2770 1699 2813 occurrat
1722 2762 1858 2830 apud
1882 2759 2010 2814 alios

91 2855 367 2925 scriptores
387 2855 619 2920 Latinos,
645 2874 811 2924 neque
833 2854 934 2906 hoc
957 2854 1134 2907 Taciti
1153 2853 1271 2906 loco
1292 2851 1411 2905 satis
1435 2851 1570 2905 nixa.

172 2946 246 2999 Ut
268 2948 556 3001 adstiterat.
631 2946 760 2998 MS.
784 2946 819 2999 J
825 2965 895 2998 es.
914 2955 974 2999 ut
998 2946 1283 2999 adsisteret.

166 3037 345 3091 Plebs.
421 3039 510 3092 Sic
553 3038 727 3092 MSS.
761 3038 1006 3091 editiones
1038 3048 1233 3090 veteres
1272 3047 1324 3089 et
1363 3035 1686 3089 recentiores,
1761 3035 2009 3104 Pichena,

83 3129 273 3203 plebes.
1678 3127 1680 3129 ’

167 3222 225 3275 Ii
266 3222 470 3275 tantam
506 3223 787 3294 conflictati
826 3232 963 3276 sunt.
1037 3221 1186 3275 Male
1220 3220 1392 3274 MSS.
1428 3220 1565 3290 Reg.
1592 3207 1754 3274 Corb.
1778 3231 1830 3275 et
1853 3221 2008 3275 editio

92 3315 349 3386 princeps»,
395 3317 453 3369 in
500 3314 719 3369 tantam.
795 3316 925 3369 MS.
957 3315 1086 3384 A'gr.
1132 3332 1513 3384 nonnumquam
1554 3313 1833 3385 conflictati
1877 3293 2028 3368 sunt.x

102 3406 228 3475 Qui,
250 3409 335 3474 &a
409 3387 582 3465 MS'S.
608 3407 762 3494 Harl.
786 3407 822 3464 J
827 3428 898 3463 es·
923 3407 1102 3464 Guelf.
1129 3406 1184 3461 kz·
1202 3404 1422 3461 tantam.
