1786 3204
176 175 230 219 '70
521 147 527 159 '
614 164 617 166 ·
667 167 715 208 c,
742 165 1013 209 cosmam
1039 165 1227 210 TAcht
1443 171 1498 211 A:
1511 166 1626 213 uuo.
1642 168 1739 214 εἴη

183 271 234 328 in
262 272 441 327 circum
475 286 529 327 ac
559 269 738 323 theatra
770 273 921 332 effusi,
955 272 1180 324 seditiosis
1209 274 1402 325 vocibus
1425 278 1703 343 ‘obstrepere
1719 295 1737 328 τ

186 358 337 406 donec
376 353 653 421 Tigellinus,
693 363 883 417 accepto
928 353 1052 417 apud
1096 352 1394 402 Sinuessanas
1451 371 1594 421 aquas
1610 358 1624 378 ¹
1663 372 1745 404 su-

104 469 105 474 =
186 451 362 503 premae
401 430 678 481 necessitatis
707 430 890 490 nuntiO,
928 430 1050 479 inter
1079 442 1240 495 stupra
1271 433 1658 493 concubinarum,
1693 443 1742 481 et

186 513 363 571 oscula,
387 521 433 560 et
454 508 689 559 deformes
719 524 891 567 moras,
925 508 1060 557 sectis
1093 508 1324 563 novacula
1362 507 1592 570 faucibus,
1626 509 1742 559 infa-

146 638 155 648 Χ
189 607 316 640 mem
337 589 480 638 vitam
501 586 695 638 foedavit
711 586 849 635 etiam
872 586 1002 636 exitu
1023 603 1128 635 sero
1152 599 1199 635 et
1219 586 1480 642 inhonesto.
1508 585 1510 589 ’

256 752 338 799 73.
371 746 483 796 PER
505 743 631 794 idem
660 748 846 811 temp'us
868 744 1164 812 expostulata
1183 744 1243 792 ad
1265 744 1546 810 supplicium
1580 744 1745 795 Calvia

189 822 492 890 Crispitfilla,²
524 822 660 871 variis
692 822 1083 882 frustrationibus,
1119 833 1165 870 et
1198 812 1395 871 adversa
1417 822 1743 871 dissimulantis

187 900 414 967 Principis
455 899 599 960 fama,
639 900 847 965 periculo
889 911 1075 948 exemta
1107 911 1206 948 est:
1248 891 1479 966 magistra⁴
1497 899 1743 949 libidinum

187 979 412 1038 Neronis,
447 989 730 1044 transgressa
763 978 812 1026 in
835 977 1047 1026 Africam
1083 978 1142 1026 ad
1177 977 1492 1044 instigandum
1526 978 1576 1026 in
1602 994 1744 1027 -arma

192 1057 419 1108 Clodium
440 1058 693 1115 Macrum,³
724 1055 898 1104 famem
925 1056 1102 1121 populo
1135 1055 1355 1104 Romano
1385 1056 1512 1104 haud
1542 1055 1743 1105 obscur&

190 1135 369 1195 molita,
407 1134 547 1182 totius
591 1132 752 1198 postea
796 1133 987 1182 civitatis
1027 1133 1222 1199 gratiam
1259 1133 1475 1194 obtinuit,
1511 1133 1743 1183 consulari

189 1212 486 1268 matrimonio
508 1212 722 1272 subnixa,
746 1223 792 1262 et
814 1212 938 1276 apud
963 1212 1184 1271 Galbam,
1221 1211 1480 1272 Othonem,
1503 1211 1744 1261 Vitellium

190 1291 377 1341 inlaesa:
415 1308 530 1340 mox
552 1301 717 1356 potens
750 1288 965 1355 pecunia,
989 1301 1035 1339 et
1061 1289 1273 1350 orbitate,
1298 1306 1404 1355 quae
1437 1290 1571 1338 bonis
1593 1289 1745 1339 malis-

191 1388 285 1437 que
301 1369 588 1436 temporibus
604 1369 743 1437 juxta
764 1369 933 1418 valent.
1716 1361 1718 1363 ’

261 1533 341 1581 74.
379 1515 617 1578 cunm
653 1525 856 1585 interim,
891 1537 938 1576 et
970 1524 1276 1575 muliebribus
1314 1524 1643 1574 blandimentis
1677 1522 1746 1573 in-

191 1605 345 1666 fectae,
369 1607 427 1654 ab
451 1596 644 1654 Othone
665 1605 725 1653 ad
747 1604 988 1653 Vitellium
1011 1603 1235 1668 epistolae,
1257 1603 1517 1652 offerebant
1547 1608 1583 1632 “
1605 1618 1744 1669 pecu·

194 1689 229 1713 “
264 1684 389 1732 niam
411 1694 458 1731 et
482 1683 695 1750 gratiam,
719 1680 764 1731 et
787 1688 1134 1748 quemcumque
1144 1700 1148 1707 ··
1156 1681 1322 1747 quietis
1352 1682 1520 1730 loc'um‘
1533 1681 1746 1748 prodigae
1782 1709 1786 1712 ·

192 1766 232 1792 “
264 1750 370 1811 vitae
402 1761 636 1828 legisset-²³
705 1762 838 1810 Paria
870 1760 1084 1810 Vitellius
1121 1762 1395 1820 ostentabat,
1428 1759 1588 1825 >primo
1628 1757 1747 1807 mol·

194 1839 307 1900 lius,
339 1840 480 1889 stulta
510 1832 746 1905 utrimque
768 1852 814 1889 et
846 1839 1067 1889 indecora
1097 1838 1416 1888 simulatione:
1453 1854 1586 1897 mox,
1615 1835 1746 1903 quasi

193 1917 416 1978 rixantes,
459 1929 619 1983 stupra
663 1931 710 1967 et
753 1919 923 1986 flagitia
963 1918 1165 1968 invicem
1209 1919 1529 1984 objectav'ere3
1580 1925 1747 1964 neuter

193 1994 331 2045 falso.
402 1996 553 2056 Otho,
587 1997 829 2057 revocatis,
853 2014 971 2062 quos
1006 1997 1162 2045 Galba
1187 1995 1390 2055 miserat,
1414 1993 1613 2061 legatis,⁴
1643 2008 1728 2042 rur

192 2091 273 2124 sus
295 2074 409 2124 alios
429 2075 489 2124 ad
511 2085 765 2140 utrumque
798 2074 1136 2124 Germanicum
1167 2073 1444 2133 exercitum,
1477 2083 1525 2120 et
1553 2072 1614 2121 ad
1636 2071 1748 2139 legi-
1781 2091 1783 2093 ¹

193 2168 336 2201 onem
379 2152 602 2213 Italicam,
645 2170 832 2218 easque,
878 2171 985 2220 quae
1030 2152 1254 2219 Lugduni
1303 2145 1536 2219 agebant,⁵
1575 2150 1752 2218 copiaS,

194 2230 350 2294 specie
390 2229 580 2279 senatus
629 2230 766 2280 misit.
833 2231 998 2298 Legati
1026 2232 1151 2296 apud
1191 2230 1433 2280 Vitellium
1466 2245 1751 2288 remansere,

196 2307 449 2373 promtius,
486 2308 631 2373 quam
666 2320 718 2357 ut
754 2310 919 2358 retenti
941 2310 1224 2358 viderentur.
1293 2307 1582 2366 Praetoriani,
1612 2323 1750 2372 quos,

198 2403 286 2455 per
314 2385 656 2438 simulationem
688 2388 843 2449 officii,
879 2389 1040 2455 legatis
1077 2388 1210 2437 Otho
1232 2387 1524 2454 adjunxerat,
1553 2383 1753 2447 remissi,

258 2618 546 2661 'Sinuessanas
563 2636 694 2675 aquas.
712 2625 774 2662 De
790 2624 934 2675 quibus
1067 2620 1083 2643 ³
1114 2623 1283 2663 Clodium
1302 2622 1493 2661 illacrum.
1513 2620 1615 2660 Vide
1630 2596 1749 2674 supra
1784 2618 1786 2634 ⁷

201 2673 351 2742 dicztum
363 2688 480 2726 supra
491 2677 593 2716 Ann.
605 2691 683 2716 ΧΗ.
696 2675 759 2716 66.
773 2684 853 2716 not.
866 2677 934 2716 inf.
1016 2677 1118 2717 Hist.
1138 2690 1168 2716 1.
1188 2681 1226 2722 7.

255 2725 435 2768 ²Calvia
453 2728 683 2782 Crispinilla.
717 2733 830 2771 Hauc
848 2732 936 2770 libi·
1066 2731 1286 2783 ⁴Legatis.
1316 2731 1377 2769 De
1392 2730 1451 2768 his
1466 2729 1616 2768 dictum
1631 2740 1750 2780 supra
1757 2701 1786 2761 l

202 2781 337 2819 dinum
375 2783 539 2822 Neronis
565 2786 787 2836 magistram
804 2787 937 2825 minis·
1016 2787 1119 2825 Hist.
1139 2799 1169 2824 1.
1190 2790 1257 2830 74.
1780 2776 1786 2808 ⁴

204 2843 379 2885 tramque
401 2837 567 2877 vidimus
585 2852 703 2891 supra
730 2841 771 2879 in
794 2840 934 2893 Suppl

1069 2839 1083 2861 ⁵
1106 2839 1287 2892 Lugduni
1303 2839 1480 2890 agebant,
1499 2838 1627 2890 Supra.
1646 2836 1750 2878 Hist.
1779 2831 1786 2915 1

206 2890 544 2933 Annal.xv1.52.

1015 2897 1133 2939 1..59
1777 2910 1786 2938 Ἄ

1781 2963 1786 3015 i
