1760 3210
164 162 245 207 346
698 149 760 205 ⁴c,
789 165 1055 217 connum
1083 165 1269 205 TAcm
1339 160 1342 164 ·

1433 168 1483 206 Α.
1494 166 1546 207 U.
1558 167 1605 208 Ο.
1617 172 1713 210 118.
1750 207 1755 215 ,

157 268 328 318 auxilia
366 268 488 335 regis
528 264 768 327 Antiochi,
804 268 1063 334 validaque,
1101 280 1165 328 et,
1199 268 1333 318 solito
1372 268 1492 319 inter
1526 271 1707 323 accolae

160 347 287 406 odio,
328 346 504 395 infensa
543 346 713 396 Judaeis
753 348 968 408 Arabum
1010 362 1203 394 manus:
1246 345 1398 411 multi,
1433 365 1551 412 quos
1590 350 1710 400 urbe

158 436 297 490 atque
321 425 449 472 Italia
473 441 554 472 sua
579 413 812 490 quemque
847 442 952 489 spes
983 425 1225 483 acciverat,
1248 422 1505 488 oc‘cupandi
1537 425 1712 476 Princi-

107 496 112 498 ’
159 499 269 569 pem
292 503 443 550 adhuc
480 520 692 550 vacuum.
746 502 850 550 His
874 519 983 550 cum
1007 501 1149 567 copiis
1172 502 1288 550 fines
1310 502 1514 551 hostium
1534 502 1709 569 ingres-
1728 518 1733 526 ’

133 597 255 639 sus,
314 580 569 644 composito
622 580 822 644 agmine,
860 583 1048 628 ‘cuncta
1109 575 1389 644 explorans,
1431 591 1710 648 paratusque

160 658 427 716 decernere,
446 659 569 705 haud
594 658 757 721 procul
781 657 1118 722 Hierosolymis
1151 669 1299 706 castra
1321 656 1462 707 facit.¹

229 821 274 861 2.
312 816 414 863 SED
454 814 560 878 quia
600 813 789 863 famosae
840 812 966 863 urbis
1012 830 1284 879 supremum
1329 814 1454 863 diem
1500 815 1711 868 tradituri

158 907 336 951 sumus,
360 909 622 957 congruens
641 893 823 940 videtur
840 893 1093 957 primordia
1109 895 1207 957 ejus
1223 891 1416 957 aperire.
1452 897 1486 921 ‘⁴²
1503 893 1710 955 Iudaeos,

163 974 194 994 “
230 970 372 1018 Creta
419 971 568 1019 insula
623 970 865 1036 profugos,
923 971 1170 1020 novissima
1223 970 1386 1036 Libyae
1441 970 1660 1022 insedisse
1673 972 1708 995 '⁹

159 1061 436 1107 memorant,
479 1054 511 1076 ‘⁶
537 1048 629 1114 qua
675 1060 942 1114 tempestate
983 1052 1227 1108 Saturnus,
1245 1052 1261 1070 ²
1283 1048 1329 1096 vi
1372 1048 1497 1099 Jovis
1529 1050 1710 1118 pulsus,

163 1128 192 1150 “
227 1126 411 1174 cesserit
467 1126 671 1192 regnisss’
757 1130 1108 1193 Argumentum
1171 1125 1199 1174 ὲ
1264 1126 1454 1176 nomine
1521 1126 1710 1192 petitur,

162 1206 193 1229 “
225 1189 485 1269 inclytum
473 1221 521 1251 m
547 1203 689 1252 Creta
713 1205 842 1254 Idam
865 1216 1091 1264 montem,
1113 1203 1293 1252 accolas
1311 1204 1479 1264 Idaeos,
1499 1216 1642 1257 aucto
1647 1205 1713 1257 -ἰιῑ

163 1284 194 1307 “
227 1282 477 1330 barbarum
528 1272 858 1348 cognoment0‚
913 1284 1101 1333 Judaeos
1156 1282 1396 1331 vocitariss'
1485 1282 1710 1347 Quidam,

163 1362 192 1385 “
226 1359 449 1424 regnante
467 1359 602 1420 Iside,
621 1363 935 1410 exundantem
953 1379 1037 1426 per
1059 1362 1324 1427 AEgyptum
1346 1359 1711 1422 multitudinem,

161 1440 192 1463 “
227 1437 423 1486 ducibus
457 1438 785 1504 Hierosolymo
808 1456 860 1488 ac
883 1441 910 1489 J
914 1438 1023 1497 uda,
1059 1438 1294 1503 proximas
1324 1437 1373 1486 in
1402 1441 1575 1487 terras³
1597 1455 1711 1489 exo-

165 1519 193 1541 “
220 1516 484 1564 ,neratam.’'
554 1517 769 1582 Plerique
808 1523 840 1546 “
867 1517 1144 1581 AEthiopum
1180 1516 1401 1581 prolem,⁴
1430 1533 1566 1583 quos,
1595 1505 1711 1583 rege

166 1597 196 1619 “
233 1594 443 1658 Cepheo,
482 1605 633 1643 metus
668 1606 807 1661 atque
846 1595 1008 1644 odium
1039 1605 1218 1644 mutare
1241 1593 1374 1643 sedes
1400 1591 1713 1662 ,perpuleritssf

159 1671 279 1720 Sunt
309 1672 388 1737 qui
412 1673 609 1731 tradant,
634 1670 667 1700 ‘'‘
692 1673 908 1738 Assyrios
944 1673 1209 1731 convenas‚⁵
1242 1670 1462 1737 indigum
1486 1666 1719 1737 agrorum*

162 1753 194 1775 “
226 1749 473 1814 populum,
519 1752 648 1815 parte
693 1752 888 1817 AEgypti
933 1751 1120 1817 potitos,
1161 1752 1276 1798 mox
1320 1747 1529 1814 proprias
1569 1749 1710 1798 urbes

165 1830 195 1854 ‘⁶
229 1828 546 1892 Hebraeasque
564 1839 725 1887 terras,
743 1839 788 1876 et
811 1829 1028 1894 propiora
1047 1828 1193 1894 Syriae
1210 1825 1419 1876 coluisse.
1423 1825 1449 1844 ”
1485 1829 1521 1854 “
1537 1825 1731 1886 Clara*

156 1904 231 1954 alii
266 1910 300 1934 ‘⁶
322 1906 595 1955 Judaeorum
618 1905 764 1956 initia:
791 1903 1046 1997 SolymOS,⁶
1069 1905 1366 1956 carminibus
1372 1903 1571 1994 Homeri
1590 1902 1711 1957 cele-

219 2137 232 2157 ¹
264 2137 402 2178 Castra
419 2138 540 2191 facit.
577 2139 752 2180 Ριίιηῠῐη
771 2147 899 2181 castra

164 2193 257 2231 fecit
284 2193 321 2230 in
342 2193 549 2244 Spinarum
569 2195 678 2242 va.,lle
707 2209 828 2247 prope
845 2197 899 2234 vi-

163 2260 255 2285 cum
302 2246 477 2285 Gabath-
479 2248 587 2294 Saul,
618 2249 820 2288 distantem
849 2252 898 2288 ab

131 2334 136 2338 ,
165 2301 443 2353 Hierosolymis
485 2303 639 2341 circiter
675 2304 799 2342 stadia
835 2305 901 2342 tri-

163 2355 281 2404 ginta.
337 2355 538 2406 Joseplms,
564 2357 662 2395 Bell.
682 2358 775 2397 Jud.
796 2371 837 2396 v.
861 2363 899 2397 2.

164 2422 203 2447 n.
227 2415 262 2447 ].
310 2410 369 2449 Ea
387 2410 544 2460 propius
561 2412 697 2450 deinde
716 2413 899 2451 admovit.

218 2460 237 2478 ²
275 2463 477 2501 Saturnus.
521 2465 650 2503 Graeci
680 2465 703 2503 ὲ
733 2467 900 2504 Saturno

165 2522 204 2554 et
221 2518 327 2564 Jove,
350 2526 393 2556 ut
412 2519 542 2568 postea
561 2520 724 2565 Romani
740 2519 764 2557 ὲ
781 2519 902 2571 Troja,

165 2576 203 2609 et
217 2572 394 2621 Trojanis
409 2573 539 2611 onmia
553 2575 786 2624 repetebant.
807 2575 901 2612 Inde

165 2626 272 2676 apud
319 2625 476 2664 Graecos
516 2627 680 2666 invaluit
715 2628 903 2667 Cretensis

166 2679 249 2717 haec
278 2679 300 2718 J
307 2680 504 2718 udaeorum
522 2682 641 2732 origo,
670 2682 716 2719 de
745 2682 824 2733 qua,
846 2683 902 2720 di-

167 2740 303 2772 centur
320 2734 471 2784 plura
462 2748 501 2772 1n
520 2743 599 2774 not.
619 2741 657 2773 et
675 2738 824 2776 emend.
852 2738 902 2775 ad

169 2787 271 2827 Hist.
289 2797 330 2825 v.
352 2793 389 2827 2.

222 2837 237 2860 ³
268 2841 466 2881 Proximus
498 2844 537 2882 in
569 2850 706 2883 terras.
753 2846 799 2884 In
832 2845 905 2884 Ju-

168 2896 508 2948 daea1n‚AEgypto
542 2899 776 2949 proximam.
842 2899 904 2937 De

170 2925 401 3002 AEgyp'tiac&
417 2951 438 2991 J
446 2951 643 2993 udaeorum
658 2966 702 2992 01
704 2966 751 3005 lg!
758 2966 803 2992 ne
817 2952 905 2994 vide

972 2147 1051 2181 not.
1068 2147 1107 2180 et
1123 2140 1272 2180 emend.
1291 2140 1342 2180 ad
1359 2133 1464 2180 Hist.
1475 2152 1517 2178 v.
1536 2143 1578 2179 2.

1026 2195 1047 2218 ⁴·
1089 2194 1310 2247 AEthiopum
1356 2195 1515 2246 prolem.
1560 2191 1715 2232 AEthio·

975 2251 1072 2302 picae
1117 2250 1345 2288 Judaeorum
1378 2248 1535 2300 originis
1575 2259 1624 2287 ca.

975 2303 1294 2355 explanabimus
1285 2316 1324 2341 m
1341 2309 1422 2341 not.
1438 2309 1477 2340 et
1493 2301 1628 2340 emend

978 2359 1081 2397 Hist.
1101 2369 1141 2396 v.
1162 2361 1200 2397 2.

1030 2410 1044 2433 ⁵
1074 2411 1254 2463 Assyrios
1268 2423 1462 2450 convenas.
1489 2412 1535 2450 In
1548 2405 1714 2461 Assyrio.

974 2467 998 2506 J
1003 2466 1201 2504 udaeorum
1226 2465 1370 2515 origine
1392 2465 1558 2504 multum
1576 2461 1715 2503 verita-

976 2522 1045 2559 tis:
1082 2520 1147 2558 sed
1174 2520 1342 2557 obscura
1373 2519 1504 2558 Taciti
1535 2516 1712 2560 brevitas.

979 2574 1080 2612 Vide
1100 2579 1180 2612 not.
1191 2580 1230 2612 et
1249 2574 1399 2611 emen'd:
1417 2573 1471 2611 ad*
1483 2573 1594 2613 'Histi
1610 2575 1660 2610 v.'
1672 2574 1713 2610 2.

1031 2623 1050 2645 ⁶
1097 2627 1280 2679 Solymos.
1332 2627 1508 2678 Solymos
1552 2626 1712 2677 quidem

978 2681 1187 2720 celebravit
1215 2682 1421 2727 Homerus,
1448 2681 1513 2720 sed
1543 2679 1712 2726 Pisidiae,

976 2742 1048 2774 aut
1065 2735 1194 2787 potins
1212 2735 1433 2786 AEthiopiae,
1449 2746 1529 2774 non
1549 2733 1712 2775 Judaeoe.
1722 2755 1741 2766 1—

978 2790 1092 2828 Vana
1126 2788 1216 2840 ergo
1258 2789 1449 2840 Solymaea
1482 2787 1712 2829 Judaeorum

977 2845 1098 2894 origo,
1117 2849 1162 2881 ut
1183 2843 1336 2882 dicetur
1362 2842 1484 2882 fusius
1510 2842 1551 2882 in
1572 2848 1655 2882 not.
1670 2845 1713 2880 et

978 2898 1129 2938 emend.
1145 2897 1196 2937 ad
1215 2897 1319 2938 Hist.
1339 2909 1380 2937 ν.
1399 2900 1439 2936 2.
