1786 3204
57 159 96 200 J.
125 160 170 199 C.
201 156 268 213 69.
450 157 838 198 HISTORIARUM
869 157 1030 198 LIBER
1057 158 1277 210 PRIMUS.
1546 165 1599 206 39

53 261 219 310 milites
240 262 582 310 commendare.
650 263 753 311 Nec
775 263 931 310 deerat
956 262 1086 310 Otho
1109 262 1390 326 protendens
1411 277 1594 320 manus,

31 404 35 407 ὓ
54 342 248 390 adorare
287 339 501 405 vulgum,
540 341 692 404 jacere
737 339 910 397 oscula,
956 351 1002 386 et
1049 339 1204 387 omnia
1242 338 1464 386 serviliter
1507 354 1594 402 pro

55 415 379 465 dominatione.
446 416 700 481 Postquam
739 416 950 464 universa
988 416 1281 464 classicorum
1305 415 1425 481 legio
1447 432 1595 463 sacra-

55 485 266 541 mentum
289 495 386 558 ejus
406 493 599 556 accepit,
622 493 771 540 fidens
793 493 984 551 viribus,
1007 504 1053 540 et
1071 509 1188 556 quos
1211 492 1363 539 adhuc
1387 492 1594 556 singulos

56 570 443 628 exstimulaverat,
479 570 801 620 accendendos
822 570 871 620 in
903 586 1153 621 commune
1196 580 1337 630 ratus,
1361 585 1446 633 pro
1469 568 1591 616 vallo

56 658 312 696 castrorum
333 646 395 695 ita
416 647 570 711 coepit.
1362 636 1365 637 ⁷

126 805 204 852 37.
242 805 275 828 “
293 802 425 864 Qms
462 801 521 848 ad
559 817 643 850 vos
682 801 999 866 processerim,
1046 801 1398 859 commilitones,
1442 800 1595 848 dicere

63 883 96 907 “
118 895 215 926 non
259 895 480 942 possum:
530 878 636 942 quia
671 895 757 926 nec
793 878 1023 942 privatum
1059 895 1134 935 me
1177 894 1342 925 vocare
1376 877 1595 935 sustineo,

58 959 93 984 “
115 955 334 1020 Princeps
380 955 407 1003 a
442 957 572 1003 vobis
604 956 896 1015 nominatu83
937 971 1024 1003 nec
1046 954 1324 1018 Principem,
1343 954 1431 1001 alio
1454 954 1597 1016 impe-

57 1036 93 1060 “
114 1044 258 1080 rante.
328 1034 547 1080 Vestrum
592 1049 780 1097 quoque
818 1048 992 1080 nomen
1025 1032 1073 1079 in
1111 1031 1286 1079 incerto
1324 1030 1425 1089 erit,
1449 1031 1597 1078 donec

60 1113 94 1137 ‘⁶
118 1108 401 1157 dubitabitur
439 1111 770 1173 Imperatorem
812 1109 971 1174 populi
1004 1108 1205 1155 Romani
1243 1107 1290 1154 in
1325 1106 1497 1164 castris,
1537 1122 1597 1153 an

60 1185 299 1238 “hostem
322 1186 537 1233 habeatis.
606 1186 868 1245 Auditisne,
891 1197 943 1232 ut
963 1201 1103 1249 poena
1121 1202 1240 1243 mea,
1263 1195 1307 1232 et
1321 1183 1597 1247 supplicium

62 1267 97 1290 “
119 1274 325 1310 vestrum
362 1262 498 1310 simul
537 1262 860 1327 postulentur?
891 1263 1009 1310 adeo
1027 1260 1321 1309 manifestum
1339 1273 1423 1318 est,
1445 1276 1597 1324 neque

62 1343 96 1367 “
119 1339 268 1402 perire
301 1355 406 1398 nos,
428 1355 579 1403 neque
602 1341 751 1388 salvos
773 1358 888 1399 esse,
911 1340 996 1388 nisi
1018 1338 1130 1397 una,
1148 1355 1296 1402 posse.
1363 1339 1441 1396 Et,
1467 1338 1598 1401 cujus

50 1420 96 1444 “⁵
119 1415 311 1464 lenitatis
351 1429 419 1465 est
443 1418 614 1476 Galba,
644 1420 740 1482 jam
785 1417 977 1465 fortasse
999 1416 1235 1481 promisit:
1274 1426 1324 1463 ut
1345 1415 1444 1479 qui,
1466 1415 1598 1462 nullo

61 1497 98 1521 ‘⁶
121 1506 415 1558 exposcente,
461 1499 529 1542 tot
568 1494 709 1542 millia
745 1493 1225 1544 innocentissimorum
1243 1491 1438 1539 militum
1462 1492 1598 1540 truc'i-

63 1573 98 1599 “
119 1569 307 1618 daverit.
375 1572 561 1618 Horror
573 1571 779 1619 animum
796 1571 935 1630 subit,
950 1570 1160 1635 quotiens
1173 1570 1395 1616 recordor
1407 1568 1599 1616 feralem

64 1650 99 1676 “
121 1646 378 1706 introitum,
401 1659 446 1696 et
468 1649 585 1696 hanc
609 1649 755 1696 solam
778 1649 947 1697 Galbae
969 1647 1224 1705 victoriam,
1244 1646 1361 1695 esim
1383 1645 1431 1693 in
1453 1646 1599 1694 oculis

63 1727 99 1752 ‘⁶
123 1723 268 1773 Urbis
303 1724 554 1772 decumari¹
602 1725 780 1773 deditos
819 1727 1021 1791 juberet,
1060 1740 1181 1788 quos
1213 1723 1511 1786 deprecantes
1550 1723 1599 1771 in

62 1801 263 1848 “fidem
298 1815 548 1865 acceperat.
617 1803 705 1851 His
739 1802 947 1866 auspicii-s
982 1802 1166 1850 Urbem
1187 1799 1435 1864 ingressus,
1459 1816 1600 1863 quam

64 1882 100 1906 ‘⁶
125 1877 320 1943 gloriam
364 1879 422 1925 ad
463 1879 776 1944 Principatum
815 1879 997 1937 adtulit,
1043 1877 1128 1925 nisi
1173 1876 1309 1924 occisi
1335 1876 1602 1924 Obultronii

65 1959 100 1982 “
124 1954 297 2013 Sabini,
338 1966 382 2002 et
413 1957 619 2004 Cornelii
657 1957 868 2014 Marcelli
898 1956 946 2003 in
967 1953 1208 2018 Hispania,
1232 1952 1367 2001 Betui
1392 1953 1602 2001 Chilonis

64 2035 100 2059 “
123 2030 171 2078 in
190 2030 364 2090 Gallia,
400 2033 579 2081 Fonteii
609 2033 844 2098 Capitonis
879 2033 928 2081 in
963 2030 1233 2088 Germania,
1277 2028 1429 2078 Clodii
1451 2029 1603 2077 Macri

65 2111 100 2135 “
119 2106 170 2155 in
191 2105 374 2165 Africa,
399 2108 615 2178 Cingonii
636 2110 684 2166 in
705 2110 797 2169 via,
819 2109 1074 2173 Turpiliani
1091 2109 1139 2155 in
1162 2108 1312 2164 Urbe,
1330 2105 1602 2176 Nymphidii

67 2188 102 2217 ‘⁵
121 2184 173 2237 'iil
211 2184 399 2233 castris?
443 2189 564 2249 Quae
588 2204 784 2252 usquam
806 2186 1057 2251 provincia,
1081 2201 1185 2249 quae
1210 2194 1354 2231 castra
1371 2193 1494 2244 sunt,
1517 2181 1602 2229 nisi

67 2264 102 2288 “
126 2271 316 2316 cruenta
354 2273 399 2309 et
434 2265 658 2312 maculata
678 2264 694 2313 ?
734 2276 828 2323 aut,
847 2276 898 2312 ut
919 2265 1014 2328 ipse
1037 2261 1272 2326 praedicat,
1296 2259 1536 2307 emendata
1557 2269 1604 2314 et

69 2341 103 2370 ‘⁶
121 2338 366 2387 correcta?
393 2341 521 2396 Nam
540 2360 645 2407 quae
663 2342 736 2395 alii
760 2343 947 2400 scelera,
970 2339 1045 2388 hic
1068 2337 1270 2387 remedia
1291 2346 1451 2383 vocat:
1491 2337 1606 2382 dum

70 2489 271 2538 conceptis,
289 2490 487 2530 OMNES
507 2494 614 2532 PRO
633 2494 762 2533 EOC
763 2495 803 2539 4-
875 2494 1015 2538 inserti,
1033 2495 1178 2543 jurant
1206 2490 1353 2534 milites
1398 2490 1519 2528 omnia
1564 2503 1603 2526 se

73 2541 189 2587 SUS,
218 2542 419 2595 QUOAD
457 2545 613 2585 VITA
598 2549 648 2586 Μ
678 2548 803 2586 PRO·
873 2544 1025 2585 strenue}
1043 2547 1238 2597 summos,
1276 2557 1354 2594 quae
1379 2543 1603 2592 proeceperit

65 2586 388 2648 FUDERINT,
421 2598 479 2636 SI
510 2600 576 2638 ID
605 2601 1338 2649 NECES-imperator‚71amqumn
1390 2596 1603 2646 deserturos

72 2639 236 2687 SITAS
269 2640 345 2699 EX
350 2627 575 2699 EGERI'I',
603 2654 805 2692 PERLA-
876 2653 1059 2697 miletzam,
1079 2666 1143 2690 nec
1176 2656 1329 2688 mortem
1364 2654 1603 2687 recusatums

75 2701 433 2746 QUR05.Q11oe
481 2708 602 2744 secuti
643 2713 804 2745 rectores
872 2721 942 2758 pm
964 2704 1131 2744 Romana
1151 2700 1350 2753 republicd.

73 2766 263 2805 omnesque
296 2757 486 2808 Principis
512 2761 670 2809 proximi
685 2762 806 2811 firlem

73 2807 186 2845 simili
215 2809 630 2860 religionefirmdrunt.
686 2814 807 2851 Aliud
935 2811 948 2829 ¹
979 2809 1197 2850 Decumari.
1225 2809 1326 2846 Vide
1346 2807 1482 2856 Suppl.
1500 2809 1603 2844 Ann.

76 2869 133 2897 est
165 2863 346 2911 gencraie
353 2864 500 2906 militiae
517 2874 974 2913 sacramentunx,xv1.
992 2868 1058 2909 95.
1090 2865 1149 2901 De
1175 2863 1259 2900 aliis
1277 2861 1446 2898 caedibus
1465 2861 1605 2898 ibidem

76 2913 124 2951 de
153 2927 231 2966 quo
250 2916 442 2967 Vegetius,
476 2929 526 2963 u.
544 2923 582 2958 5.
597 2919 813 2959 maniculis
881 2919 1030 2957 dictum
1050 2930 1136 2967 cap.
1153 2921 1218 2961 92.
1234 2919 1285 2959 93
1305 2922 1342 2951 et
1368 2918 1434 2958 94-
