1786 3204
174 203 177 205 ,
201 182 282 219 244
689 171 736 218 C'.
765 177 1034 218 CORNELII
1062 175 1250 217 TACITI
1453 181 1505 220 A.
1524 181 1575 222 U.
1593 184 1641 224 C.
1661 185 1758 228 822.

198 299 284 349 per
305 281 471 343 otium,
504 281 716 349 agitabat.
789 282 942 331 Causa
962 292 1075 330 'tam
1109 299 1265 347 pravae
1301 298 1466 346 morae,
1499 298 1554 337 ut
1574 289 1756 340 Mucia·-

197 377 314 410 num
354 361 692 427 opperirentur.
760 361 865 409 Nec
893 358 1101 419 defuere,
1138 361 1217 426 qui
1239 363 1503 423 Antonium
1536 365 1757 432 suspicio-

161 497 164 501 Δ
198 439 336 493 nihus
349 439 624 505 arguerent,
646 450 884 503 tamquam
908 442 942 466 ‘⁶
960 438 1071 485 dolo
1095 450 1410 500 cunctantem,
1431 454 1536 506 post
1556 455 1757 494 secretas

203 521 233 543 “
269 517 440 565 Vitellii
475 516 704 581 epistolas,
739 516 907 582 quibus
943 517 1253 578 consulatum,
1289 529 1335 566 et
1357 519 1566 569 nubilem
1592 520 1756 585 filiam,

203 597 235 621 “
269 606 316 643 et
355 594 531 643 dotales
571 610 700 659 opes,
734 594 949 659 pretium
975 594 1264 659 proditionis,
1298 596 1502 647 offereba
1523 599 1572 646 .'’
1640 598 1759 661 Alii,

203 676 233 700 “
267 673 374 722 ficta
397 671 518 731 haec,
553 683 599 720 et
619 671 669 720 in
691 672 887 738 gratiam
910 671 1118 720 Muciani
1153 673 1459 738 composita.''
1529 674 1757 740 Quidam,

201 755 230 786 ⁴‘
265 749 478 799 omnium
499 749 548 798 id
565 751 742 799 ducum
764 749 1009 800 consilium
1031 747 1189 810 fuisse,
1203 762 1433 802 ostentare
1454 752 1612 818 potius
1630 752 1756 804 Urbi

201 832 230 856 “
263 829 462 888 bellum,
495 827 642 894 quam
677 827 879 878 inferre:
917 829 1107 893 quando
1145 829 1434 880 validissimae
1469 831 1687 881 cohortes
1722 830 1754 881 ἃ

201 910 230 934 “
266 906 454 958 Vitellio
477 905 788 967 descivissent,
806 918 852 956 et
873 906 1080 956 abscissis
1102 906 1319 957 omnibus
1340 907 1579 973 praesidiis,
1601 925 1755 959 cessu-

200 988 230 1012 “
263 1001 345 1034 rus
366 983 562 1049 imperio
583 984 841 1033 videbatur.
911 985 1006 1033 Sed
1042 994 1209 1033 cuncta
1244 983 1550 1046 festinatione,
1584 986 1754 1049 deinde

199 1066 229 1091 “
262 1061 446 1130 ignavia
491 1061 647 1112 Sabini
693 1073 940 1127 corrupta.
1000 1062 1098 1127 qui,
1155 1061 1318 1112 sumtis
1371 1063 1548 1112 temere
1593 1063 1758 1124 armis,

198 1146 230 1168 “
264 1139 615 1190 munitissimam
630 1139 845 1205 Capitolii
867 1156 1041 1199 arcem,
1058 1150 1106 1188 et
1127 1156 1187 1188 ne
1210 1139 1390 1206 magnis
1412 1141 1601 1207 quidem
1618 1158 1752 1191 exer-

197 1222 228 1247 “
262 1218 428 1269 citibus
450 1215 828 1284 expugnabilem,
861 1218 1087 1268 adversus
1108 1217 1190 1267 tris
1212 1219 1428 1268 cohortes
1450 1219 1568 1268 tueri
1589 1219 1752 1286 nequi-

198 1302 228 1326 “
256 1297 450 1347 ·visset.”
519 1284 664 1344 Haud
686 1294 821 1344 facile
847 1295 949 1361 quis
971 1296 1052 1345 uni
1074 1296 1381 1362 adsignaverit
1402 1297 1608 1362 culpam,
1641 1314 1752 1364 quae

194 1375 407 1426 omnium
441 1372 558 1423 fuit:
594 1391 703 1422 nam
726 1385 772 1423 et
794 1373 1043 1424 Mucianus
1077 1374 1307 1441 ambiguis
1330 1374 1530 1440 epistolis
1551 1375 1750 1425 victores

190 1455 490 1513 morabatur3
541 1463 588 1501 et
625 1452 861 1501 Antonius
900 1463 1185 1518 praepostero
1230 1452 1473 1518 obsequio,
1514 1452 1590 1501 vel
1629 1453 1748 1502 dum

193 1531 365 1599 regerit
402 1529 638 1590 invidiam,
677 1530 856 1579 crimen
900 1529 1100 1590 meruit3
1154 1529 1388 1597 ceterique
1431 1530 1592 1589 duces,
1631 1531 1749 1579 dum.

193 1620 434 1676 peractum
450 1608 631 1658 bellum
665 1619 848 1673 putant,
883 1608 1028 1657 finem
1045 1610 1143 1674 ejus
1159 1607 1449 1674 insignivere.
1518 1608 1597 1656 Ne
1629 1604 1751 1657 Peti⁴

191 1687 282 1737 lius
320 1686 511 1752 quidem
546 1685 756 1746 Cerialis,
796 1703 908 1736 cum
944 1685 1072 1734 mille
1111 1685 1342 1750 equitibus
1371 1684 1656 1751 praemissus,
1694 1694 1750 1750 ut

190 1763 460 1814 transversis
491 1762 730 1813 itineribus
768 1780 853 1830 per
896 1780 1064 1830 agrum
1108 1764 1369 1823 Sabinum‚¹
1416 1761 1596 1812 Salaria
1635 1760 1750 1822 via:

191 1843 378 1893 Urbem
400 1842 627 1901 introiret,
658 1842 764 1891 satis
787 1852 1131 1892 maturaverat:
1168 1842 1317 1891 donec
1335 1839 1509 1890 obsessi
1532 1837 1748 1906 Capitolii

188 1918 315 1970 fama
335 1931 528 1971 cunctos
544 1919 682 1970 simul
703 1920 895 1971 exciret.

258 2082 338 2129 79.
372 2081 662 2129 AN'roums
698 2096 784 2145 per
804 2078 1075 2128 Flaminiam
1093 2082 1106 2108 ³
1140 2078 1199 2126 ad
1235 2079 1359 2126 Saxa
1378 2076 1557 2136 rubra,⁴
1593 2072 1745 2123 multo

187 2155 280 2220 jam
296 2156 462 2217 noctis,
484 2174 642 2206 serum
658 2156 883 2206 auxilium
905 2156 1044 2205 venit.
1112 2155 1213 2204 Illic
1237 2159 1270 2183 “
1293 2151 1592 2202 interfectum
1612 2150 1743 2200 Sabi-

187 2238 222 2263 “
239 2249 374 2294 num,
405 2233 714 2301 conflagrasse
754 2234 1054 2299 Capitolium,
1081 2244 1281 2282 tremere
1304 2230 1520 2290 Urbem‚’
1524 2231 1534 2248 '
1570 2238 1744 2278 moesta

185 2311 342 2360 omnia
379 2312 583 2378 accepit:
632 2317 666 2342 “
688 2313 876 2379 plebem
914 2329 1106 2379 quoque
1145 2323 1193 2360 et
1229 2307 1411 2360 servitia
1446 2325 1534 2374 pro
1556 2292 1744 2355 Vitellio

243 2478 357 2518 ¹Per
376 2493 510 2531 agrum
522 2478 712 2519 Sabinum.
742 2481 804 2519 De
818 2481 926 2520 Sabi·
998 2492 1099 2518 11111.
1116 2483 1184 2524 47.

185 2534 244 2574 nis
256 2532 340 2584 jam
358 2535 507 2573 dictum
526 2547 643 2586 supra
661 2548 748 2586 cap.
767 2539 832 2579 ¹72.
1053 2532 1073 2556 4
1091 2533 1193 2572 Saxa
1213 2533 1342 2571 rubra.
1371 2530 1472 2576 Quae
1490 2530 1614 2568 tribus
1631 2527 1744 2568 circi

237 2584 271 2605 5
283 2587 440 2626 Salaria
469 2587 544 2627 vid.
585 2588 686 2634 Quae
716 2589 926 2640 incipiebat
999 2594 1056 2627 ter
1073 2587 1247 2626 millibus
1273 2597 1454 2637 passuum
1475 2583 1602 2623 Roma
1623 2581 1740 2622 dista·

183 2640 208 2679 ὲ
225 2640 338 2692 porta
355 2641 518 2687 Collina,
548 2641 655 2681 dicta
681 2656 839 2695 quoque
857 2644 925 2682 Sa-
1001 2645 1105 2681 bant.
1162 2640 1265 2679 Cum
1281 2652 1331 2677 ex
1349 2652 1395 2678 eo
1418 2643 1547 2677 monte
1565 2649 1743 2676 eruenen·

181 2694 293 2743 laria,
321 2695 514 2747 hodi-eque
533 2697 656 2735 Porta
675 2695 827 2736 Salara.
845 2698 926 2735 Via
999 2704 1063 2735 tur
1081 2707 1188 2742 saxa,
1220 2699 1264 2731 ut
1294 2694 1358 2732 via
1379 2692 1570 2731 Flaminia
1587 2702 1740 2743 repara.-

180 2756 371 2801 portaque
410 2749 465 2788 ita
493 2750 610 2798 dicta,
652 2751 822 2802 quoniam
855 2749 926 2790 illd
997 2753 1115 2798 retur,
1144 2749 1198 2787 ibi
1219 2748 1416 2786 inventum
1435 2754 1491 2784 est
1515 2745 1745 2807 sepulcrum

179 2803 295 2843 salem
320 2804 361 2842 in
390 2803 547 2842 Sabinos
570 2805 726 2856 portari
751 2818 927 2847 convene
1001 2806 1217 2850 Nasonum,
1247 2813 1339 2840 cum
1356 2801 1546 2840 veteribus
1562 2797 1741 2851 picturis.

179 2863 259 2903 rat,
278 2857 508 2896 Plin.xxx1.
529 2862 567 2902 7.
587 2859 689 2898 Sect.
707 2862 774 2898 41.
998 2859 1103 2898 Vide
1135 2856 1327 2906 moroni,
1351 2855 1487 2897 Roma
1522 2852 1723 2903 Antica,1
1711 2878 1742 2897 ⁷.

234 2906 251 2933 5
280 2912 359 2951 Per
373 2911 608 2952 Flaminiam.
619 2913 763 2960 Viam3
781 2913 830 2952 de
842 2909 923 2965 qua
1000 2917 1066 2954 28.

179 2964 330 3006 dictum
364 2978 483 3021 supra
514 2966 658 3010 Annal-
693 2978 765 3011 111.
804 2970 847 3015 9.
882 2970 922 3008 et
