2210 3978
433 143 534 194 AD
572 142 698 193 Lm.
736 143 826 194 IV.
864 143 1041 195 HIST.
1080 144 1143 201 C.
1168 141 1380 193 CORN.
1410 143 1661 194 TACITI.
1933 154 2033 202 583

84 269 305 326 Senetio.
378 270 432 325 A
458 271 667 325 librario
703 271 1106 342 superadditum,
1147 269 1418 334 Senetione
1456 281 1511 325 et
1551 270 1759 325 Seneca.
1835 272 2033 330 Puteo-

80 363 226 418 lanus
255 363 430 430 edidit,
473 363 761 419 Senecione.
799 364 860 417 In
890 364 1019 418 MS.
1048 363 1202 418 Harl.
1232 364 1453 418 Senetio.
1494 363 1625 418 MS.
1649 364 1760 419 JeS.
1802 363 2030 441 Senecio·

79 454 211 511 MS.
237 456 395 510 Bodl.
424 456 727 522 Senetione;
767 470 819 510 et
843 457 892 510 in
920 458 1163 526 margine,
1193 440 1400 511 Seneca.
1478 456 1611 516 Quis
1638 457 1790 511 fuerit
1819 459 2026 517 Sentius

75 547 365 617 ignoratum
403 569 567 620 neque
594 570 807 622 usquam
837 561 1167 603 memoratur.
1210 549 1367 603 Certe
1393 568 1535 602 error
1561 561 1638 602 est
1660 549 1711 602 in
1734 548 2026 609 Senecione.

78 639 222 693 Nam
251 642 471 694 Senecio
515 640 546 694 a
574 643 817 713 Principe
844 642 1148 695 Domitiano
1192 643 1394 695 occisus
1420 656 1512 695 est.
1592 641 1758 704 Nulla
1800 645 1933 699 foret
1969 646 2023 710 in

79 731 270 787 Seneca
294 734 583 799 difficultaS,
622 736 665 788 si
689 735 850 804 magis
877 737 1103 788 faverent
1137 734 1273 788 libri.
1348 735 1547 807 Virque
1591 735 1691 790 fuit
1714 735 2022 808 Vespasiani

76 826 302 880 amicitia
326 827 526 898 dignus.

150 919 363 997 Amicos
401 939 513 974 esse.
555 919 714 973 Satis.
789 919 870 973 Ita
910 919 1082 973 MSS.
1125 919 1373 974 editiones
1415 931 1631 985 vetereS,
1687 920 1918 990 Ryckius
1965 933 2020 979 et

75 1013 400 1068 recentiores.
479 1012 754 1066 Rhenanus
779 1025 830 1066 et
856 1012 943 1067 Cl.
970 1012 1237 1080 ErnestuS,
1277 1013 1484 1067 amicos.
1561 1013 1690 1083 Esse
1712 1016 1858 1069 satis.

148 1197 299 1251 CAP.
326 1205 377 1251 8.
420 1197 709 1252 Secundum
752 1208 921 1253 vetera
959 1198 1206 1270 exempla.
1283 1198 1429 1252 Bene
1459 1198 1585 1252 MS.
1615 1198 1777 1253 Corb.
1806 1200 2017 1255 Rhena-

71 1310 168 1344 nus
193 1302 243 1343 et
268 1291 592 1345 recentiores.
672 1292 849 1345 Editio
877 1291 1134 1362 princepe,
1159 1291 1248 1344 sed
1268 1290 1542 1345 secundum
1568 1301 1740 1356 vetera
1765 1293 2014 1364 exempla.

72 1383 162 1438 Sic
195 1404 400 1455 quoque
423 1386 749 1438 emendatum
776 1384 827 1436 in
856 1384 985 1437 MS.
1012 1383 1165 1436 Harl.
1209 1384 1381 1438 MSS.
1413 1383 1571 1437 Bodl.
1599 1384 1635 1439 J
1641 1404 1712 1438 es.
1737 1395 1792 1438 et
1818 1386 2014 1453 Puteo-

70 1474 234 1540 lanuS,
270 1477 359 1530 sed
377 1487 549 1531 vetera
575 1477 818 1548 exempla.
1090 1543 1093 1545 Β

144 1568 263 1622 Aut
285 1570 592 1624 inimicitiis.
670 1570 795 1623 MS.
826 1567 988 1624 Corb.
1014 1579 1106 1623 aut
1131 1568 1430 1622 inimicitiae.

144 1660 219 1715 Id
248 1662 416 1734 magis
438 1663 725 1716 vitandum.
806 1660 852 1714 V
854 1662 1088 1715 itandum
1134 1681 1404 1733 perperam
1452 1661 1698 1715 omissum
1741 1663 1793 1715 in
1835 1661 2010 1719 MSS.

71 1753 226 1808 Harl.
254 1755 409 1809 Bodl.
434 1756 469 1810 J
475 1775 546 1809 es·
574 1757 713 1809 Bud.
741 1755 922 1809 Guelf.
947 1756 1202 1809 Additum
1229 1766 1307 1808 est
1325 1755 1377 1807 in
1396 1754 1623 1825 margine
1650 1754 1822 1809 MSS.
1850 1756 2009 1813 Harl.

71 1846 253 1900 Guelf.
615 1857 619 1859 ’
730 1836 733 1844 s

141 1941 454 1997 Pervicacici
479 1943 853 2016 quorumdam„
914 1942 1059 1996 Bene
1099 1941 1271 1996 MSS.
1312 1940 1453 1995 Flor.
1481 1941 1615 2014 Reg.
1647 1940 1809 1995 Corb.
1848 1943 2007 1996 editio

66 2035 326 2105 princerni,
365 2036 644 2090 Rhenanus
687 2048 738 2089 et
781 2036 1106 2108 recentioreS.
1183 2035 1356 2089 MSS.
1400 2034 1554 2088 Harl.
1600 2034 1759 2090 Bodl.
1801 2035 1837 2090 J
1842 2055 1914 2090 eS.
1952 2045 2007 2090 et

0 2148 2 2151 ’
69 2127 402 2194 PuteolanuS,
433 2129 728 2200 pervicacia
753 2131 1072 2202 cujusquam.
1820 2124 1823 2126 Α
1889 2124 1893 2129 ’

140 2220 208 2274 Se
254 2223 548 2276 meminisse.
622 2223 834 2276 Frustra
880 2234 1039 2276 tentat
1092 2222 1392 2287 Rhenanus„
1446 2221 1769 2275 meminisset.
1843 2219 1998 2275 Male

61 2313 193 2380 MS.
220 2313 383 2368 Corb.
406 2334 455 2368 se
478 2317 742 2369 monuisse.

136 2406 251 2460 Per
273 2408 581 2480 hujusmodi.
655 2410 827 2462 MSS.
856 2402 1019 2462 Corb.
1044 2418 1095 2461 et
1121 2407 1251 2478 Agr.
1271 2426 1368 2478 per
1393 2405 1657 2480 ejusmodi.

137 2499 396 2554 Inlusisse.
471 2500 553 2555 Ita
579 2502 751 2555 MSS.
778 2502 921 2555 Flor.
940 2501 1103 2555 Corb.
1133 2500 1312 2555 Guelf.
1340 2512 1392 2552 et
1421 2500 1581 2552 editio
1601 2498 1858 2570 princeps.
1920 2499 1999 2554 -In

61 2594 235 2661 MSS.
258 2593 394 2664 Reg.
422 2595 574 2648 Harl.
602 2594 758 2648 Bodl.
782 2595 816 2650 J
824 2615 896 2648 eS.
921 2595 1151 2649 illusisse.
1216 2590 1364 2647 Male
1395 2590 1727 2659 Puteolanus,
1752 2592 1994 2647 illuxisse.

133 2685 574 2742 Contentionibus.
650 2688 782 2743 MS.
808 2689 939 2760 Agr.
966 2686 1448 2742 concertationibus.

130 2870 279 2926 CAP.
304 2881 358 2934 9.
399 2872 757 2945 Perrogarent
796 2874 1090 2928 sententias.
1167 2874 1255 2928 Sic
1281 2873 1454 2927 MSS.
1483 2872 1617 2941 Reg.
1645 2869 1800 2925 Harl.
1828 2868 1988 2926 Bodl.

44 2962 213 3019 'editio
237 2965 476 3036 princeps
500 2978 553 3020 et
580 2965 901 3020 recentiores
979 2968 1110 3022 MS.
1137 2966 1318 3023 Guelf.
1344 2976 1398 3020 et
1437 2963 1773 3030 Puteolanum,
1800 2981 1991 3036 proro-

51 3067 257 3130 garent.
332 3058 461 3113 MS.
485 3059 519 3114 J
526 3079 598 3112 eS.
614 3069 945 3132 prorogaret.
1924 3133 1926 3135 ι

135 3147 400 3205 Vulcatius
429 3150 762 3207 Tertullinus.
815 3152 944 3207 MS.
971 3154 1106 3223 Reg.
1135 3150 1419 3207 Vulcanius
1448 3147 1763 3205 Tetralinus.
1800 3145 1983 3204 Editio

52 3243 313 3314 princeps,
357 3242 638 3299 Vulcanius
665 3243 977 3301 Teturlinus.

0 3463 51 3520 a?
94 3492 99 3496 ⁴
129 3403 279 3483 cir.
311 3437 394 3485 10.
433 3429 659 3504 Protegi
682 3452 786 3487 non
799 3407 1026 3507 poterat..
1101 3429 1233 3487 MS.
1257 3428 1390 3502 Agr.
1415 3426 1550 3499 eripi
1572 3445 1677 3483 non
1689 3434 1920 3501 poterat.
