1786 3204
111 156 316 206 nee-¹69·
410 134 421 145 ‘
464 152 861 199 ms'romARUM
890 152 1056 192 LmER
1081 153 1332 194 Tannus,
1590 161 1670 199 ποι

108 263 334 320 vehiculis
362 259 712 324 tomenfisque.
779 257 872 306 Per
893 257 1089 307 limitem
1109 259 1199 308 viae
1221 271 1527 326 sparguntur,
1560 280 1674 312 con·

107 341 314 399 sectandi
352 338 659 397 festinatione,
692 336 905 385 victoreS.
973 337 1050 386 Εὸ
1090 338 1338 386 notabilior
1375 340 1529 389 caedes
1564 340 1669 401 fuit,

107 421 219 487 quia
262 418 385 466 filius
429 428 609 481 patrem
652 412 893 462 interfecit.
966 416 1093 462 Rem
1135 416 1439 482 nominaque,
1478 430 1668 468 auctore

110 497 350 562 Vipstanio
383 494 605 553 Messala,
638 484 833 540 tradam.
902 492 1052 541 Julius
1063 495 1372 555 Mansuetus,
1405 513 1469 544 ex
1504 497 1668 561 Hispa-

110 575 208 636 nia,
232 573 409 639 Rapaci
431 572 603 638 legioni
625 571 825 630 additus,
847 570 1089 635 impubem
1112 571 1263 619 filium
1286 573 1415 620 domi
1440 573 1668 639 liquerat:

109 654 150 709 is
194 670 309 700 mox
353 651 565 714 adultus,
609 650 730 697 inter
772 648 1076 712 septimanos
1092 665 1120 696 a
1162 648 1318 698 Galba
1363 652 1669 717 conscriptus,

109 731 322 782 oblatum
342 728 465 776 forte
490 739 691 792 patrem,
705 737 754 775 et
770 725 964 775 vulnere
985 737 1200 786 stratum,
1217 727 1333 783 dum
1350 729 1668 780 semianimem

108 820 358 866 scrutatur,
392 806 592 872 agnitus,
625 820 992 874 agnoscensque,
1025 815 1074 851 et
1095 821 1382 870 exsanguem
1404 807 1681 870 amplexus,¹

108 904 226 940 voce
248 885 388 933 flebili
410 885 684 948 precabatur
714 888 747 911 “
771 882 974 946 placatos
991 884 1003 903 ¹
1027 883 1169 946 patris
1190 899 1368 941 manes,
1390 880 1520 932 neve
1541 902 1591 933 se
1613 898 1666 936 ut

111 970 148 1019 .‘.‘
182 963 457 1028 parricidam
478 971 827 1010 aversarentur:
864 959 1107 1023 publicum
1127 960 1176 1008 id
1198 959 1379 1024 facuiusr
1391 971 1490 1021 ,fiet
1517 980 1667 1012 unum

110 1048 162 1097 ‚“-,-·
177 1041 374 1089 militem
416 1051 610 1105 quotam
656 1038 859 1086 civilium
903 1055 1142 1086 armorum
1187 1050 1366 1102 partem
1381 1039 1436 1088 ?''
1512 1041 1662 1090 Simul

107 1120 319 1175 attollere
353 1135 541 1183 corpus,
577 1117 754 1182 aperire
793 1117 1011 1176 humum,
1044 1134 1264 1181 supremo
1288 1135 1400 1183 erga
1422 1131 1661 1182 parentem

108 1197 261 1248 officio
282 1194 432 1261 fungi.
500 1194 763 1243 Advertere
785 1194 1005 1258 proximi,
1036 1195 1202 1243 deinde
1224 1196 1410 1259 plures:
1448 1197 1665 1261 hinc-per

108 1281 300 1324 omnem
340 1274 484 1321 aciem
523 1274 817 1332 miraculum,
866 1284 912 1320 et
951 1284 1157 1337 questus,
1192 1285 1239 1321 et
1277 1275 1510 1322 saevissimi
1550 1276 1661 1323 belli

108 1352 362 1403 exsecratio
379 1369 392 1400 ε
416 1367 502 1398 nec
517 1351 576 1399 eo
591 1350 783 1415 segnius
805 1350 1108 1414 propinquos,
1129 1352 1322 1416 adfines,
1339 1351 1505 1400 fratres
1521 1353 1661 1402 truci-

108 1429 240 1483 datos
261 1430 488 1494 spoliant:
524 1427 701 1476 factum
722 1446 822 1478 esse
842 1429 993 1477 scelus
1016 1430 1290 1494 loquuntur,
1323 1429 1607 1495 faciuntque.
1631 1452 1638 1459 ·
1666 1451 1674 1459 ·

174 1592 254 1633 26.
290 1587 378 1634 UT
405 1586 690 1633 Cremonam
711 1582 894 1643 venere,
931 1600 1109 1632 novum
1131 1584 1508 1650 immensumque
1536 1594 1660 1650 opus

104 1663 323 1712 occurrit.
395 1662 663 1710 Othoniano
698 1662 861 1721 bello:
909 1663 1218 1711 Germanicus
1256 1663 1387 1711 miles
1422 1664 1656 1712 moenibus

107 1741 496 1791 Cremonensium
537 1753 683 1788 castra
721 1757 820 1799 sua,
868 1741 1026 1788 castris
1064 1742 1239 1789 vallum
1277 1741 1652 1806 circumjecerat3

104 1837 252 1888 eaque
286 1820 573 1866 munimenta
594 1835 754 1866 rursus
772 1830 996 1867 auxerat:
1034 1836 1237 1883 quorum
1267 1830 1455 1883 aspectu
1477 1819 1655 1869 haesere

103 1898 318 1956 victores,
352 1897 535 1945 incertis
558 1897 770 1956 ducibus,
805 1897 917 1962 quid
934 1898 1165 1962 juberent.
1234 1898 1443 1962 Incipere
1474 1904 1671 1965 oppug-⁴

103 1976 356 2035 nationem,
390 1974 512 2022 fesso
534 1992 619 2039 per
642 1975 766 2022 diem
787 1987 1067 2039 noctemque
1089 1975 1314 2034 exercitu,
1348 1975 1567 2035 arduum,
1590 1988 1654 2035 et,

102 2054 234 2101 nullo
252 2053 389 2119 juxta
411 2053 632 2112 subsidio,
665 2070 861 2117 anceps:
898 2053 968 2101 sin
990 2053 1269 2102 Bebriacum
1289 2053 1511 2111 redirent,
1532 2054 1654 2103 into-

102 2131 319 2179 lerandus
358 2143 453 2179 tam
492 2132 620 2197 longi
652 2131 824 2180 itineris
858 2132 1008 2190 labor,
1054 2143 1100 2180 et
1134 2131 1325 2179 victoria
1363 2133 1423 2180 ad
1459 2132 1653 2182 inritum

100 2210 453 2257 revolvebatur:
479 2210 660 2257 munire
683 2221 858 2270 castra;
883 2211 931 2257 id
946 2196 1134 2275 quoque
1157 2209 1428 2274 propinquis
1442 2209 1652 2259 hostibus

101 2286 475 2346 formidolosum,
508 2305 568 2334 ne
591 2287 837 2351 dispersos,
871 2299 917 2335 et
939 2305 1057 2352 opus
1076 2287 1320 2338 molientes
1342 2280 1493 2335 subita
1517 2304 1652 2352 erup*

100 2364 224 2413 tione
247 2366 500 2414 turbarent.
537 2367 660 2429 Quae
683 2383 823 2430 super
844 2355 1027 2424 cuncta,
1049 2366 1251 2414 terrebat
1271 2364 1479 2428 ipsorum
1500 2364 1655 2423 miles,

13 2474 23 2481 -
98 2442 291 2506 periculi
315 2442 459 2507 quam
481 2460 627 2492 morae
649 2443 921 2509 patientior:
960 2443 1148 2508 Quippe
1170 2442 1364 2508 ingrata,
1389 2447 1495 2506 quae
1517 2452 1617 2490 tuta
1630 2461 1648 2503 ;

155 2707 451 2750 'Precabatur
460 2712 645 2761 placatos.
702 2711 840 2749 Preca-
914 2712 1033 2749 eidam
1057 2713 1340 2749 aversarentur.
1395 2709 1497 2747 Vide
1515 2713 1594 2746 not.
1613 2715 1654 2746 et

100 2764 216 2801 batur
233 2765 351 2814 patris
370 2777 511 2812 manes,
542 2774 586 2802 ut
603 2765 675 2803 sibi
696 2765 840 2816 placati
914 2766 1061 2804 emend.
1080 2764 1128 2801 ad
1150 2763 1250 2802 Hist.
1269 2775 1339 2801 111.
1357 2766 1422 2800 525.

98 2823 234 2855 essent.
283 2819 336 2856 Ni
358 2818 455 2857 forte
476 2820 759 2857 emendandum
779 2820 841 2866 sit,
969 2816 1229 2857 ''Othoniano
1243 2818 1352 2858 bello.
1399 2817 1527 2870 Supra
1548 2815 1653 2854 Hist.

99 2873 324 2921 voceflehz'li
337 2873 442 2911 Deos
457 2874 688 2924 precabatur
705 2886 750 2910 ne
759 2873 844 2923 pia·
915 2885 966 2912 11.
986 2878 1053 2913 22.

100 2930 158 2963 tos
171 2925 300 2976 putris
319 2940 459 2975 manes,
488 2941 577 2966 neve
594 2940 634 2965 sc
651 2932 695 2966 ut
714 2927 846 2978 parri·
