<?xml version="1.0" encoding="UTF-8"?>
<!DOCTYPE html PUBLIC "-//W3C//DTD XHTML 1.0 Transitional//EN"
    "http://www.w3.org/TR/xhtml1/DTD/xhtml1-transitional.dtd">
<html xmlns="http://www.w3.org/1999/xhtml" xml:lang="en" lang="en">
 <head>
  <title>
</title>
<meta http-equiv="Content-Type" content="text/html;charset=utf-8" />
  <meta name='ocr-system' content='tesseract 3.04.00' />
  <meta name='ocr-capabilities' content='ocr_page ocr_carea ocr_par ocr_line ocrx_word'/>
</head>
<body>
  <div class='ocr_page' id='page_1' title='image "./operarecognovite03taciuoft/operarecognovite03taciuoft_0651.png"; bbox 0 0 2210 3978; ppageno 0'>
   <div class='ocr_carea' id='block_1_1' title="bbox 425 147 2010 233">
    <p class='ocr_par' dir='ltr' id='par_1_1' title="bbox 425 147 2010 233">
     <span class='ocr_line' id='line_1_1' title="bbox 425 147 2010 233; baseline 0.01 -24"><span class='ocrx_word' id='word_1_1' title='bbox 425 147 523 210; x_wconf 68' lang='grc' dir='ltr'>ΑΒ</span> <span class='ocrx_word' id='word_1_2' title='bbox 563 161 689 210; x_wconf 77' lang='lat' dir='ltr'>Lm.</span> <span class='ocrx_word' id='word_1_3' title='bbox 727 161 789 211; x_wconf 90' lang='lat' dir='ltr'>v.</span> <span class='ocrx_word' id='word_1_4' title='bbox 826 163 997 212; x_wconf 79' lang='lat' dir='ltr'>fflsr.</span> <span class='ocrx_word' id='word_1_5' title='bbox 1032 164 1090 212; x_wconf 87' lang='lat' dir='ltr'>c.</span> <span class='ocrx_word' id='word_1_6' title='bbox 1125 160 1616 217; x_wconf 69' lang='lat' dir='ltr'>conn.*rAc1T1.</span> <span class='ocrx_word' id='word_1_7' title='bbox 1909 170 2010 233; x_wconf 75' lang='lat'>657</span> 
     </span>
    </p>
   </div>
   <div class='ocr_carea' id='block_1_2' title="bbox 0 285 2007 3590">
    <p class='ocr_par' dir='ltr' id='par_1_2' title="bbox 73 285 2007 1375">
     <span class='ocr_line' id='line_1_2' title="bbox 83 285 2007 367; baseline 0.006 -26"><span class='ocrx_word' id='word_1_8' title='bbox 83 285 498 358; x_wconf 80' lang='lat' dir='ltr'>euphratensium</span> <span class='ocrx_word' id='word_1_9' title='bbox 524 290 789 343; x_wconf 89' lang='lat' dir='ltr'>deterreat.</span> <span class='ocrx_word' id='word_1_10' title='bbox 866 290 928 343; x_wconf 92' lang='lat' dir='ltr'>Id</span> <span class='ocrx_word' id='word_1_11' title='bbox 965 291 1098 344; x_wconf 79' lang='lat' dir='ltr'>enim</span> <span class='ocrx_word' id='word_1_12' title='bbox 1128 291 1377 345; x_wconf 89' lang='lat' dir='ltr'>Petronio</span> <span class='ocrx_word' id='word_1_13' title='bbox 1414 286 1517 346; x_wconf 89' lang='lat' dir='ltr'>non</span> <span class='ocrx_word' id='word_1_14' title='bbox 1557 294 1763 348; x_wconf 87' lang='lat' dir='ltr'>auribus</span> <span class='ocrx_word' id='word_1_15' title='bbox 1790 299 2007 367; x_wconf 68' lang='lat' dir='ltr'>tantum,</span> 
     </span>
     <span class='ocr_line' id='line_1_3' title="bbox 84 380 2004 464; baseline 0.007 -33"><span class='ocrx_word' id='word_1_16' title='bbox 84 381 175 431; x_wconf 90' lang='lat' dir='ltr'>sed</span> <span class='ocrx_word' id='word_1_17' title='bbox 222 391 276 432; x_wconf 87' lang='lat' dir='ltr'>et</span> <span class='ocrx_word' id='word_1_18' title='bbox 324 380 486 434; x_wconf 91' lang='lat' dir='ltr'>oculis</span> <span class='ocrx_word' id='word_1_19' title='bbox 534 394 643 435; x_wconf 87' lang='lat' dir='ltr'>erat</span> <span class='ocrx_word' id='word_1_20' title='bbox 682 395 1024 452; x_wconf 90' lang='lat' dir='ltr'>compertum.</span> <span class='ocrx_word' id='word_1_21' title='bbox 1095 385 1334 451; x_wconf 74' lang='grc' dir='ltr'><em>Ἐᾠόβουν</em></span> <span class='ocrx_word' id='word_1_22' title='bbox 1374 388 1418 438; x_wconf 77' lang='grc' dir='ltr'>δὲ</span> <span class='ocrx_word' id='word_1_23' title='bbox 1459 389 1596 440; x_wconf 84' lang='grc' dir='ltr'><em>αὐτὸν</em></span> <span class='ocrx_word' id='word_1_24' title='bbox 1646 389 1724 440; x_wconf 74' lang='grc' dir='ltr'>καὶ</span> <span class='ocrx_word' id='word_1_25' title='bbox 1773 395 1823 443; x_wconf 78' lang='grc' dir='ltr'>αἶ</span> <span class='ocrx_word' id='word_1_26' title='bbox 1863 391 2004 464; x_wconf 76' lang='grc' dir='ltr'><em>πέραν</em></span> 
     </span>
     <span class='ocr_line' id='line_1_4' title="bbox 82 472 2007 557; baseline 0.006 -33"><span class='ocrx_word' id='word_1_27' title='bbox 82 472 342 545; x_wconf 64' lang='grc' dir='ltr'><em>Εὐφράτου</em></span> <span class='ocrx_word' id='word_1_28' title='bbox 367 473 593 541; x_wconf 77' lang='grc' dir='ltr'><em>δυνάμεις·</em></span> <span class='ocrx_word' id='word_1_29' title='bbox 629 472 719 547; x_wconf 80' lang='grc' dir='ltr'><em>ᾔδει</em></span> <span class='ocrx_word' id='word_1_30' title='bbox 746 479 844 547; x_wconf 69' lang='grc' dir='ltr'>γὰρ</span> <span class='ocrx_word' id='word_1_31' title='bbox 870 478 1142 541; x_wconf 82' lang='grc' dir='ltr'><em>Βαβυλῶνα</em></span> <span class='ocrx_word' id='word_1_32' title='bbox 1168 478 1247 528; x_wconf 72' lang='grc' dir='ltr'>καὶ</span> <span class='ocrx_word' id='word_1_33' title='bbox 1279 483 1464 540; x_wconf 73' lang='grc' dir='ltr'>πολλαὶς</span> <span class='ocrx_word' id='word_1_34' title='bbox 1506 478 1665 557; x_wconf 70' lang='grc' dir='ltr'><em>ἄλλας</em></span> <span class='ocrx_word' id='word_1_35' title='bbox 1705 487 1796 533; x_wconf 81' lang='grc' dir='ltr'>τῶν</span> <span class='ocrx_word' id='word_1_36' title='bbox 1821 505 2007 557; x_wconf 60' lang='grc' dir='ltr'><em>σατρα-</em></span> 
     </span>
     <span class='ocr_line' id='line_1_5' title="bbox 79 566 2002 648; baseline 0.005 -30"><span class='ocrx_word' id='word_1_37' title='bbox 79 568 216 618; x_wconf 72' lang='grc' dir='ltr'><em>πειῶν</em></span> <span class='ocrx_word' id='word_1_38' title='bbox 257 566 340 618; x_wconf 79' lang='grc' dir='ltr'>ὑπὸ</span> <span class='ocrx_word' id='word_1_39' title='bbox 379 566 609 619; x_wconf 76' lang='grc' dir='ltr'><em>Ἰουδαίων</em></span> <span class='ocrx_word' id='word_1_40' title='bbox 656 566 996 638; x_wconf 78' lang='grc' dir='ltr'>κατεχομένας,</span> <span class='ocrx_word' id='word_1_41' title='bbox 1055 570 1139 621; x_wconf 80' lang='grc' dir='ltr'>οὐκ</span> <span class='ocrx_word' id='word_1_42' title='bbox 1177 569 1295 642; x_wconf 76' lang='grc' dir='ltr'><em>οἶκοῇ</em></span> <span class='ocrx_word' id='word_1_43' title='bbox 1337 570 1489 639; x_wconf 81' lang='grc' dir='ltr'><em>μόνον,</em></span> <span class='ocrx_word' id='word_1_44' title='bbox 1546 574 1681 625; x_wconf 80' lang='grc' dir='ltr'><em>α’λλοὶ</em></span> <span class='ocrx_word' id='word_1_45' title='bbox 1726 575 1804 626; x_wconf 73' lang='grc' dir='ltr'>καὶ</span> <span class='ocrx_word' id='word_1_46' title='bbox 1847 575 2002 648; x_wconf 64' lang='grc' dir='ltr'><em>πείρᾳ.</em></span> 
     </span>
     <span class='ocr_line' id='line_1_6' title="bbox 82 654 1999 729; baseline 0.006 -21"><span class='ocrx_word' id='word_1_47' title='bbox 82 654 258 725; x_wconf 88' lang='lat' dir='ltr'>Philo,</span> <span class='ocrx_word' id='word_1_48' title='bbox 285 664 322 689; x_wconf 90' lang='lat'><strong><em>“</em></strong></span> <span class='ocrx_word' id='word_1_49' title='bbox 346 659 408 709; x_wconf 92' lang='lat' dir='ltr'>de</span> <span class='ocrx_word' id='word_1_50' title='bbox 435 658 717 726; x_wconf 85' lang='lat' dir='ltr'>Legatione</span> <span class='ocrx_word' id='word_1_51' title='bbox 742 661 806 711; x_wconf 90' lang='lat' dir='ltr'>ad</span> <span class='ocrx_word' id='word_1_52' title='bbox 835 658 1070 725; x_wconf 87' lang='lat' dir='ltr'>Caium,’&#39;</span> <span class='ocrx_word' id='word_1_53' title='bbox 1107 680 1159 729; x_wconf 90' lang='lat' dir='ltr'>p.</span> <span class='ocrx_word' id='word_1_54' title='bbox 1195 669 1346 714; x_wconf 72' lang='lat'>1023.</span> <span class='ocrx_word' id='word_1_55' title='bbox 1425 663 1495 716; x_wconf 86' lang='lat' dir='ltr'>Et</span> <span class='ocrx_word' id='word_1_56' title='bbox 1532 665 1669 717; x_wconf 72' lang='lat' dir='ltr'>certe</span> <span class='ocrx_word' id='word_1_57' title='bbox 1694 665 1727 719; x_wconf 89' lang='lat' dir='ltr'>J</span> <span class='ocrx_word' id='word_1_58' title='bbox 1734 667 1999 720; x_wconf 84' lang='lat' dir='ltr'>udaeorum</span> 
     </span>
     <span class='ocr_line' id='line_1_7' title="bbox 79 749 2003 822; baseline 0.006 -22"><span class='ocrx_word' id='word_1_59' title='bbox 79 766 348 801; x_wconf 89' lang='lat' dir='ltr'>numerum</span> <span class='ocrx_word' id='word_1_60' title='bbox 387 749 686 802; x_wconf 85' lang='lat' dir='ltr'><strong>imminuam</strong></span> <span class='ocrx_word' id='word_1_61' title='bbox 731 751 917 821; x_wconf 77' lang='lat' dir='ltr'>potius,</span> <span class='ocrx_word' id='word_1_62' title='bbox 973 750 1130 822; x_wconf 72' lang='lat' dir='ltr'>quam</span> <span class='ocrx_word' id='word_1_63' title='bbox 1172 757 1512 822; x_wconf 85' lang='lat' dir='ltr'>exaggerabo‚</span> <span class='ocrx_word' id='word_1_64' title='bbox 1565 756 1607 808; x_wconf 88' lang='lat' dir='ltr'>si</span> <span class='ocrx_word' id='word_1_65' title='bbox 1647 776 1735 809; x_wconf 90' lang='lat' dir='ltr'>eos</span> <span class='ocrx_word' id='word_1_66' title='bbox 1780 757 1831 810; x_wconf 89' lang='lat' dir='ltr'>in</span> <span class='ocrx_word' id='word_1_67' title='bbox 1872 759 2003 812; x_wconf 66' lang='lat' dir='ltr'>Asia</span> 
     </span>
     <span class='ocr_line' id='line_1_8' title="bbox 77 840 1998 913; baseline 0.006 -21"><span class='ocrx_word' id='word_1_68' title='bbox 77 840 235 893; x_wconf 86' lang='lat' dir='ltr'>fuisse</span> <span class='ocrx_word' id='word_1_69' title='bbox 260 860 363 893; x_wconf 90' lang='lat' dir='ltr'>non</span> <span class='ocrx_word' id='word_1_70' title='bbox 386 841 551 894; x_wconf 67' lang='lat' dir='ltr'>minus</span> <span class='ocrx_word' id='word_1_71' title='bbox 592 840 747 913; x_wconf 72' lang='lat' dir='ltr'>quam</span> <span class='ocrx_word' id='word_1_72' title='bbox 791 842 943 895; x_wconf 80' lang='lat' dir='ltr'>vicies</span> <span class='ocrx_word' id='word_1_73' title='bbox 985 857 1197 896; x_wconf 88' lang='lat' dir='ltr'>centena</span> <span class='ocrx_word' id='word_1_74' title='bbox 1235 845 1410 909; x_wconf 89' lang='lat' dir='ltr'>millia,</span> <span class='ocrx_word' id='word_1_75' title='bbox 1450 853 1759 912; x_wconf 73' lang='lat'>2,000,000.</span> <span class='ocrx_word' id='word_1_76' title='bbox 1803 850 1998 904; x_wconf 86' lang='lat' dir='ltr'>dixero.</span> 
     </span>
     <span class='ocr_line' id='line_1_9' title="bbox 78 924 2000 1008; baseline 0.005 -23"><span class='ocrx_word' id='word_1_77' title='bbox 78 933 227 993; x_wconf 82' lang='lat' dir='ltr'>Quot</span> <span class='ocrx_word' id='word_1_78' title='bbox 249 945 422 986; x_wconf 90' lang='lat' dir='ltr'>autem</span> <span class='ocrx_word' id='word_1_79' title='bbox 442 930 501 986; x_wconf 76' lang='lat' dir='ltr'>in</span> <span class='ocrx_word' id='word_1_80' title='bbox 543 935 794 1004; x_wconf 81' lang='lat' dir='ltr'>AEgypto,</span> <span class='ocrx_word' id='word_1_81' title='bbox 835 946 911 988; x_wconf 89' lang='lat' dir='ltr'>tot</span> <span class='ocrx_word' id='word_1_82' title='bbox 953 935 1131 989; x_wconf 90' lang='lat' dir='ltr'>saltem</span> <span class='ocrx_word' id='word_1_83' title='bbox 1170 938 1310 989; x_wconf 86' lang='lat' dir='ltr'>fuere</span> <span class='ocrx_word' id='word_1_84' title='bbox 1352 937 1405 989; x_wconf 90' lang='lat' dir='ltr'>in</span> <span class='ocrx_word' id='word_1_85' title='bbox 1450 924 1668 1008; x_wconf 62' lang='lat' dir='ltr'>Europa</span> <span class='ocrx_word' id='word_1_86' title='bbox 1710 952 1761 992; x_wconf 89' lang='lat' dir='ltr'>et</span> <span class='ocrx_word' id='word_1_87' title='bbox 1801 942 2000 996; x_wconf 69' lang='lat' dir='ltr'>Africa.</span> 
     </span>
     <span class='ocr_line' id='line_1_10' title="bbox 78 1023 1997 1099; baseline 0.005 -22"><span class='ocrx_word' id='word_1_88' title='bbox 78 1023 242 1078; x_wconf 88' lang='lat' dir='ltr'>Haud</span> <span class='ocrx_word' id='word_1_89' title='bbox 283 1025 536 1079; x_wconf 75' lang='lat' dir='ltr'>immerito</span> <span class='ocrx_word' id='word_1_90' title='bbox 575 1028 698 1096; x_wconf 76' lang='lat' dir='ltr'>ergo</span> <span class='ocrx_word' id='word_1_91' title='bbox 743 1028 1170 1096; x_wconf 83' lang='lat' dir='ltr'><strong>pronuntiaverim</strong></span> <span class='ocrx_word' id='word_1_92' title='bbox 1211 1048 1314 1081; x_wconf 90' lang='lat' dir='ltr'>non</span> <span class='ocrx_word' id='word_1_93' title='bbox 1357 1030 1623 1099; x_wconf 86' lang='lat' dir='ltr'>pauciores</span> <span class='ocrx_word' id='word_1_94' title='bbox 1672 1042 1793 1084; x_wconf 88' lang='lat' dir='ltr'>tunc</span> <span class='ocrx_word' id='word_1_95' title='bbox 1842 1034 1997 1088; x_wconf 88' lang='lat' dir='ltr'>fuisse</span> 
     </span>
     <span class='ocr_line' id='line_1_11' title="bbox 75 1117 1995 1191; baseline 0.003 -20"><span class='ocrx_word' id='word_1_96' title='bbox 75 1128 219 1171; x_wconf 87' lang='lat' dir='ltr'>extra</span> <span class='ocrx_word' id='word_1_97' title='bbox 281 1117 607 1171; x_wconf 89' lang='lat' dir='ltr'>Palaestinam</span> <span class='ocrx_word' id='word_1_98' title='bbox 668 1118 703 1172; x_wconf 92' lang='lat' dir='ltr'><strong>J</strong></span> <span class='ocrx_word' id='word_1_99' title='bbox 710 1121 898 1184; x_wconf 87' lang='lat' dir='ltr'>udaeos,</span> <span class='ocrx_word' id='word_1_100' title='bbox 974 1120 1128 1190; x_wconf 69' lang='lat' dir='ltr'>quam</span> <span class='ocrx_word' id='word_1_101' title='bbox 1191 1121 1488 1191; x_wconf 87' lang='lat' dir='ltr'>quadragies</span> <span class='ocrx_word' id='word_1_102' title='bbox 1545 1133 1758 1175; x_wconf 87' lang='lat' dir='ltr'>centena</span> <span class='ocrx_word' id='word_1_103' title='bbox 1818 1125 1995 1190; x_wconf 84' lang='lat' dir='ltr'>millia,</span> 
     </span>
     <span class='ocr_line' id='line_1_12' title="bbox 76 1210 1998 1284; baseline 0.003 -19"><span class='ocrx_word' id='word_1_104' title='bbox 76 1218 383 1276; x_wconf 86' lang='lat'>4,000‚000.</span> <span class='ocrx_word' id='word_1_105' title='bbox 457 1210 584 1263; x_wconf 88' lang='lat' dir='ltr'>Inde</span> <span class='ocrx_word' id='word_1_106' title='bbox 630 1210 784 1263; x_wconf 89' lang='lat' dir='ltr'>Philo</span> <span class='ocrx_word' id='word_1_107' title='bbox 823 1231 911 1264; x_wconf 92' lang='lat' dir='ltr'>eos</span> <span class='ocrx_word' id='word_1_108' title='bbox 935 1231 1038 1264; x_wconf 91' lang='lat' dir='ltr'>non</span> <span class='ocrx_word' id='word_1_109' title='bbox 1077 1211 1240 1264; x_wconf 89' lang='lat' dir='ltr'>multo</span> <span class='ocrx_word' id='word_1_110' title='bbox 1266 1213 1533 1282; x_wconf 87' lang='lat' dir='ltr'>pauciores</span> <span class='ocrx_word' id='word_1_111' title='bbox 1557 1213 1803 1284; x_wconf 86' lang='lat' dir='ltr'>indigenis</span> <span class='ocrx_word' id='word_1_112' title='bbox 1828 1218 1998 1270; x_wconf 89' lang='lat' dir='ltr'>tradit.</span> 
     </span>
     <span class='ocr_line' id='line_1_13' title="bbox 73 1303 1922 1375; baseline 0.002 -18"><span class='ocrx_word' id='word_1_113' title='bbox 73 1305 166 1366; x_wconf 83' lang='grc' dir='ltr'>Ὡς</span> <span class='ocrx_word' id='word_1_114' title='bbox 197 1306 287 1356; x_wconf 75' lang='grc' dir='ltr'>τῶν</span> <span class='ocrx_word' id='word_1_115' title='bbox 310 1304 556 1375; x_wconf 77' lang='grc' dir='ltr'><em>αὐθιγενῶν</em></span> <span class='ocrx_word' id='word_1_116' title='bbox 580 1303 647 1372; x_wconf 70' lang='grc' dir='ltr'>μή</span> <span class='ocrx_word' id='word_1_117' title='bbox 670 1308 833 1374; x_wconf 78' lang='grc' dir='ltr'><em>πολλῷ</em></span> <span class='ocrx_word' id='word_1_118' title='bbox 857 1324 942 1356; x_wconf 74' lang='grc' dir='ltr'>τινι</span> <span class='ocrx_word' id='word_1_119' title='bbox 968 1307 1109 1356; x_wconf 79' lang='grc' dir='ltr'><em>δοκεῖν</em></span> <span class='ocrx_word' id='word_1_120' title='bbox 1136 1307 1459 1358; x_wconf 77' lang='grc' dir='ltr'><em>ἐλαττοῦσθαι.</em></span> <span class='ocrx_word' id='word_1_121' title='bbox 1489 1306 1676 1371; x_wconf 41' lang='grc' dir='ltr'>χΡΙιίΙο,</span> <span class='ocrx_word' id='word_1_122' title='bbox 1708 1306 1809 1360; x_wconf 89' lang='lat' dir='ltr'>loc.</span> <span class='ocrx_word' id='word_1_123' title='bbox 1835 1310 1922 1361; x_wconf 86' lang='lat' dir='ltr'>cit.</span> 
     </span>
    </p>

    <p class='ocr_par' dir='ltr' id='par_1_3' title="bbox 70 1396 1998 2207">
     <span class='ocr_line' id='line_1_14' title="bbox 150 1396 1997 1467; baseline 0.001 -18"><span class='ocrx_word' id='word_1_124' title='bbox 150 1397 235 1450; x_wconf 89' lang='lat' dir='ltr'>Ex</span> <span class='ocrx_word' id='word_1_125' title='bbox 275 1396 336 1449; x_wconf 89' lang='lat' dir='ltr'>iis</span> <span class='ocrx_word' id='word_1_126' title='bbox 379 1407 551 1449; x_wconf 86' lang='lat' dir='ltr'>autem</span> <span class='ocrx_word' id='word_1_127' title='bbox 588 1396 829 1448; x_wconf 89' lang='lat' dir='ltr'>omnibus</span> <span class='ocrx_word' id='word_1_128' title='bbox 866 1397 1157 1466; x_wconf 85' lang='lat' dir='ltr'>regionibus</span> <span class='ocrx_word' id='word_1_129' title='bbox 1196 1398 1366 1451; x_wconf 84' lang='lat' dir='ltr'>Judaei</span> <span class='ocrx_word' id='word_1_130' title='bbox 1389 1397 1614 1467; x_wconf 73' lang='lat' dir='ltr'>&#39;singulis</span> <span class='ocrx_word' id='word_1_131' title='bbox 1653 1399 1791 1452; x_wconf 89' lang='lat' dir='ltr'>annis</span> <span class='ocrx_word' id='word_1_132' title='bbox 1817 1419 1997 1451; x_wconf 88' lang='lat' dir='ltr'>aurum</span> 
     </span>
     <span class='ocr_line' id='line_1_15' title="bbox 74 1487 1995 1561; baseline 0.001 -19"><span class='ocrx_word' id='word_1_133' title='bbox 74 1500 443 1561; x_wconf 82' lang='lat' dir='ltr'>argentumque</span> <span class='ocrx_word' id='word_1_134' title='bbox 467 1489 519 1541; x_wconf 89' lang='lat' dir='ltr'>in</span> <span class='ocrx_word' id='word_1_135' title='bbox 543 1487 794 1558; x_wconf 89' lang='lat' dir='ltr'>templum</span> <span class='ocrx_word' id='word_1_136' title='bbox 818 1488 1087 1542; x_wconf 87' lang='lat' dir='ltr'>mittebant</span> <span class='ocrx_word' id='word_1_137' title='bbox 1107 1511 1121 1555; x_wconf 81' lang='lat'><em>3</em></span> <span class='ocrx_word' id='word_1_138' title='bbox 1154 1500 1210 1541; x_wconf 92' lang='lat' dir='ltr'>ut</span> <span class='ocrx_word' id='word_1_139' title='bbox 1234 1490 1402 1542; x_wconf 88' lang='lat' dir='ltr'>videre</span> <span class='ocrx_word' id='word_1_140' title='bbox 1425 1501 1501 1542; x_wconf 90' lang='lat' dir='ltr'>est</span> <span class='ocrx_word' id='word_1_141' title='bbox 1536 1491 1674 1560; x_wconf 90' lang='lat' dir='ltr'>apud</span> <span class='ocrx_word' id='word_1_142' title='bbox 1703 1491 1995 1557; x_wconf 86' lang='lat' dir='ltr'>Philonem,</span> 
     </span>
     <span class='ocr_line' id='line_1_16' title="bbox 74 1578 1997 1653; baseline 0.001 -20"><span class='ocrx_word' id='word_1_143' title='bbox 74 1579 175 1634; x_wconf 92' lang='lat' dir='ltr'>loc.</span> <span class='ocrx_word' id='word_1_144' title='bbox 201 1580 288 1634; x_wconf 90' lang='lat' dir='ltr'>cit.</span> <span class='ocrx_word' id='word_1_145' title='bbox 324 1581 526 1633; x_wconf 88' lang='lat' dir='ltr'>Aurum</span> <span class='ocrx_word' id='word_1_146' title='bbox 562 1599 786 1651; x_wconf 89' lang='lat' dir='ltr'>quoque,</span> <span class='ocrx_word' id='word_1_147' title='bbox 826 1578 1128 1634; x_wconf 79' lang='lat' dir='ltr'>Judaeorum</span> <span class='ocrx_word' id='word_1_148' title='bbox 1168 1582 1386 1648; x_wconf 78' lang='lat' dir='ltr'>nomine,</span> <span class='ocrx_word' id='word_1_149' title='bbox 1425 1582 1702 1653; x_wconf 79' lang='lat' dir='ltr'>quotannis</span> <span class='ocrx_word' id='word_1_150' title='bbox 1741 1602 1802 1635; x_wconf 70' lang='lat' dir='ltr'>ex</span> <span class='ocrx_word' id='word_1_151' title='bbox 1827 1583 1997 1636; x_wconf 63' lang='lat' dir='ltr'>Italici</span> 
     </span>
     <span class='ocr_line' id='line_1_17' title="bbox 74 1663 1998 1745; baseline 0 -18"><span class='ocrx_word' id='word_1_152' title='bbox 74 1682 126 1727; x_wconf 78' lang='lat' dir='ltr'>et</span> <span class='ocrx_word' id='word_1_153' title='bbox 172 1672 404 1726; x_wconf 80' lang='lat' dir='ltr'>omnibus</span> <span class='ocrx_word' id='word_1_154' title='bbox 452 1672 677 1726; x_wconf 82' lang='lat' dir='ltr'>Romani</span> <span class='ocrx_word' id='word_1_155' title='bbox 718 1663 921 1741; x_wconf 82' lang='lat' dir='ltr'>imperii</span> <span class='ocrx_word' id='word_1_156' title='bbox 954 1674 1237 1743; x_wconf 76' lang='lat' dir='ltr'>provinciis</span> <span class='ocrx_word' id='word_1_157' title='bbox 1278 1673 1698 1745; x_wconf 71' lang='lat' dir='ltr'>Hierosolymam</span> <span class='ocrx_word' id='word_1_158' title='bbox 1733 1676 1998 1745; x_wconf 79' lang='lat' dir='ltr'>exportari</span> 
     </span>
     <span class='ocr_line' id='line_1_18' title="bbox 74 1758 1993 1836; baseline 0.001 -19"><span class='ocrx_word' id='word_1_159' title='bbox 74 1758 281 1818; x_wconf 87' lang='lat' dir='ltr'>solitum</span> <span class='ocrx_word' id='word_1_160' title='bbox 319 1775 530 1818; x_wconf 83' lang='lat' dir='ltr'>testatur</span> <span class='ocrx_word' id='word_1_161' title='bbox 573 1763 759 1818; x_wconf 72' lang='lat' dir='ltr'>Cicero</span> <span class='ocrx_word' id='word_1_162' title='bbox 802 1765 854 1817; x_wconf 94' lang='lat' dir='ltr'>in</span> <span class='ocrx_word' id='word_1_163' title='bbox 897 1765 1125 1818; x_wconf 88' lang='lat' dir='ltr'>oratione</span> <span class='ocrx_word' id='word_1_164' title='bbox 1159 1784 1260 1836; x_wconf 78' lang='lat' dir='ltr'>pro</span> <span class='ocrx_word' id='word_1_165' title='bbox 1301 1765 1504 1830; x_wconf 77' lang='lat' dir='ltr'>Flacoe,</span> <span class='ocrx_word' id='word_1_166' title='bbox 1551 1785 1665 1835; x_wconf 91' lang='lat' dir='ltr'>cap.</span> <span class='ocrx_word' id='word_1_167' title='bbox 1714 1785 1993 1819; x_wconf 79' lang='lat' dir='ltr'>xxxvni.</span> 
     </span>
     <span class='ocr_line' id='line_1_19' title="bbox 75 1857 1992 1930; baseline -0.001 -19"><span class='ocrx_word' id='word_1_168' title='bbox 75 1858 236 1919; x_wconf 84' lang='lat' dir='ltr'>Quod</span> <span class='ocrx_word' id='word_1_169' title='bbox 277 1857 482 1930; x_wconf 89' lang='lat' dir='ltr'>quidem</span> <span class='ocrx_word' id='word_1_170' title='bbox 524 1857 685 1910; x_wconf 87' lang='lat' dir='ltr'>vetuit</span> <span class='ocrx_word' id='word_1_171' title='bbox 722 1857 955 1922; x_wconf 84' lang='lat' dir='ltr'>Flaccus,</span> <span class='ocrx_word' id='word_1_172' title='bbox 992 1858 1132 1910; x_wconf 88' lang='lat' dir='ltr'>Asiae</span> <span class='ocrx_word' id='word_1_173' title='bbox 1175 1869 1376 1923; x_wconf 86' lang='lat' dir='ltr'>rector;</span> <span class='ocrx_word' id='word_1_174' title='bbox 1433 1870 1485 1910; x_wconf 91' lang='lat' dir='ltr'>et</span> <span class='ocrx_word' id='word_1_175' title='bbox 1525 1858 1689 1911; x_wconf 84' lang='lat' dir='ltr'>sanxit</span> <span class='ocrx_word' id='word_1_176' title='bbox 1724 1858 1890 1911; x_wconf 90' lang='lat' dir='ltr'>edicto</span> <span class='ocrx_word' id='word_1_177' title='bbox 1928 1877 1992 1910; x_wconf 91' lang='lat' dir='ltr'>ne</span> 
     </span>
     <span class='ocr_line' id='line_1_20' title="bbox 73 1948 1994 2020; baseline -0.001 -16"><span class='ocrx_word' id='word_1_178' title='bbox 73 1970 255 2004; x_wconf 89' lang='lat' dir='ltr'>aurum</span> <span class='ocrx_word' id='word_1_179' title='bbox 280 1970 344 2002; x_wconf 88' lang='lat' dir='ltr'>ex</span> <span class='ocrx_word' id='word_1_180' title='bbox 368 1949 501 2003; x_wconf 68' lang='lat' dir='ltr'>Asia</span> <span class='ocrx_word' id='word_1_181' title='bbox 525 1949 783 2019; x_wconf 85' lang='lat' dir='ltr'>exportari</span> <span class='ocrx_word' id='word_1_182' title='bbox 801 1949 1003 2004; x_wconf 82' lang='lat' dir='ltr'>liceret:</span> <span class='ocrx_word' id='word_1_183' title='bbox 1029 1951 1117 2002; x_wconf 90' lang='lat' dir='ltr'>sed</span> <span class='ocrx_word' id='word_1_184' title='bbox 1142 1949 1193 2000; x_wconf 92' lang='lat' dir='ltr'>id</span> <span class='ocrx_word' id='word_1_185' title='bbox 1212 1948 1286 2001; x_wconf 89' lang='lat' dir='ltr'>illi</span> <span class='ocrx_word' id='word_1_186' title='bbox 1310 1951 1482 2001; x_wconf 89' lang='lat' dir='ltr'>datum</span> <span class='ocrx_word' id='word_1_187' title='bbox 1510 1949 1706 2003; x_wconf 89' lang='lat' dir='ltr'>crimini</span> <span class='ocrx_word' id='word_1_188' title='bbox 1726 1973 1740 2017; x_wconf 89' lang='lat'>;</span> <span class='ocrx_word' id='word_1_189' title='bbox 1780 1950 1994 2020; x_wconf 89' lang='lat' dir='ltr'>permis-</span> 
     </span>
     <span class='ocr_line' id='line_1_21' title="bbox 71 2042 1993 2113; baseline -0.001 -17"><span class='ocrx_word' id='word_1_190' title='bbox 71 2062 289 2113; x_wconf 80' lang='lat' dir='ltr'>sumque</span> <span class='ocrx_word' id='word_1_191' title='bbox 311 2043 522 2097; x_wconf 73' lang='lat' dir='ltr'>‘Judaeis</span> <span class='ocrx_word' id='word_1_192' title='bbox 555 2043 784 2096; x_wconf 87' lang='lat' dir='ltr'>moribus</span> <span class='ocrx_word' id='word_1_193' title='bbox 825 2042 927 2095; x_wconf 88' lang='lat' dir='ltr'>suis</span> <span class='ocrx_word' id='word_1_194' title='bbox 957 2042 1136 2107; x_wconf 89' lang='lat' dir='ltr'>vivere,</span> <span class='ocrx_word' id='word_1_195' title='bbox 1175 2060 1459 2112; x_wconf 88' lang='lat' dir='ltr'>aurumque</span> <span class='ocrx_word' id='word_1_196' title='bbox 1483 2053 1770 2113; x_wconf 86' lang='lat' dir='ltr'>exportare.</span> <span class='ocrx_word' id='word_1_197' title='bbox 1846 2044 1993 2096; x_wconf 88' lang='lat' dir='ltr'>Idem</span> 
     </span>
     <span class='ocr_line' id='line_1_22' title="bbox 70 2133 1918 2207; baseline 0 -18"><span class='ocrx_word' id='word_1_198' title='bbox 70 2134 253 2207; x_wconf 74' lang='lat' dir='ltr'>postea</span> <span class='ocrx_word' id='word_1_199' title='bbox 276 2135 451 2189; x_wconf 92' lang='lat' dir='ltr'>multis</span> <span class='ocrx_word' id='word_1_200' title='bbox 474 2135 697 2205; x_wconf 86' lang='lat' dir='ltr'>Augusti</span> <span class='ocrx_word' id='word_1_201' title='bbox 722 2146 1118 2205; x_wconf 74' lang='lat' dir='ltr'>ceterorumque</span> <span class='ocrx_word' id='word_1_202' title='bbox 1138 2133 1399 2186; x_wconf 87' lang='lat' dir='ltr'>Caesarum</span> <span class='ocrx_word' id='word_1_203' title='bbox 1422 2134 1616 2203; x_wconf 85' lang='lat' dir='ltr'>legibus</span> <span class='ocrx_word' id='word_1_204' title='bbox 1638 2135 1918 2189; x_wconf 86' lang='lat' dir='ltr'>firmatum.</span> 
     </span>
    </p>

    <p class='ocr_par' dir='ltr' id='par_1_4' title="bbox 0 2227 1994 3315">
     <span class='ocr_line' id='line_1_23' title="bbox 142 2227 1994 2299; baseline 0.001 -18"><span class='ocrx_word' id='word_1_205' title='bbox 142 2228 220 2282; x_wconf 90' lang='lat' dir='ltr'>At</span> <span class='ocrx_word' id='word_1_206' title='bbox 243 2239 488 2299; x_wconf 90' lang='lat' dir='ltr'>quantum</span> <span class='ocrx_word' id='word_1_207' title='bbox 512 2228 621 2280; x_wconf 88' lang='lat' dir='ltr'>auri</span> <span class='ocrx_word' id='word_1_208' title='bbox 646 2238 972 2298; x_wconf 87' lang='lat' dir='ltr'>exportarent</span> <span class='ocrx_word' id='word_1_209' title='bbox 994 2227 1029 2280; x_wconf 89' lang='lat' dir='ltr'><strong>J</strong></span> <span class='ocrx_word' id='word_1_210' title='bbox 1037 2227 1165 2278; x_wconf 88' lang='lat' dir='ltr'>udaei</span> <span class='ocrx_word' id='word_1_211' title='bbox 1190 2246 1322 2278; x_wconf 88' lang='lat' dir='ltr'>nunc</span> <span class='ocrx_word' id='word_1_212' title='bbox 1346 2230 1749 2296; x_wconf 86' lang='lat' dir='ltr'>expendendum.</span> <span class='ocrx_word' id='word_1_213' title='bbox 1827 2229 1885 2282; x_wconf 93' lang='lat' dir='ltr'>N</span> <span class='ocrx_word' id='word_1_214' title='bbox 1889 2230 1994 2282; x_wconf 86' lang='lat' dir='ltr'>ovi-</span> 
     </span>
     <span class='ocr_line' id='line_1_24' title="bbox 70 2317 1992 2391; baseline 0.001 -18"><span class='ocrx_word' id='word_1_215' title='bbox 70 2339 186 2374; x_wconf 89' lang='lat' dir='ltr'>mus</span> <span class='ocrx_word' id='word_1_216' title='bbox 210 2321 415 2391; x_wconf 91' lang='lat' dir='ltr'>quidem</span> <span class='ocrx_word' id='word_1_217' title='bbox 435 2339 497 2371; x_wconf 88' lang='lat' dir='ltr'>ex</span> <span class='ocrx_word' id='word_1_218' title='bbox 517 2319 787 2383; x_wconf 88' lang='lat' dir='ltr'>Cicerone,</span> <span class='ocrx_word' id='word_1_219' title='bbox 812 2318 913 2370; x_wconf 87' lang='lat' dir='ltr'>loc.</span> <span class='ocrx_word' id='word_1_220' title='bbox 933 2318 1020 2379; x_wconf 82' lang='lat' dir='ltr'>cit.</span> <span class='ocrx_word' id='word_1_221' title='bbox 1046 2328 1164 2387; x_wconf 89' lang='lat' dir='ltr'>post</span> <span class='ocrx_word' id='word_1_222' title='bbox 1191 2318 1254 2370; x_wconf 91' lang='lat' dir='ltr'>L.</span> <span class='ocrx_word' id='word_1_223' title='bbox 1294 2317 1470 2371; x_wconf 87' lang='lat' dir='ltr'>Flacci</span> <span class='ocrx_word' id='word_1_224' title='bbox 1492 2318 1715 2372; x_wconf 89' lang='lat' dir='ltr'>edictum</span> <span class='ocrx_word' id='word_1_225' title='bbox 1740 2321 1992 2390; x_wconf 83' lang='lat' dir='ltr'>Apameae</span> 
     </span>
     <span class='ocr_line' id='line_1_25' title="bbox 72 2410 1991 2482; baseline 0.001 -16"><span class='ocrx_word' id='word_1_226' title='bbox 72 2413 494 2482; x_wconf 89' lang='lat' dir='ltr'>comprehensum</span> <span class='ocrx_word' id='word_1_227' title='bbox 517 2412 667 2464; x_wconf 85' lang='lat' dir='ltr'>“auri</span> <span class='ocrx_word' id='word_1_228' title='bbox 685 2413 860 2480; x_wconf 91' lang='lat' dir='ltr'>pondo</span> <span class='ocrx_word' id='word_1_229' title='bbox 882 2421 1087 2463; x_wconf 86' lang='lat' dir='ltr'>centum</span> <span class='ocrx_word' id='word_1_230' title='bbox 1107 2410 1262 2480; x_wconf 90' lang='lat' dir='ltr'>paulo</span> <span class='ocrx_word' id='word_1_231' title='bbox 1281 2410 1496 2476; x_wconf 52' lang='lat' dir='ltr'>minas?</span> <span class='ocrx_word' id='word_1_232' title='bbox 1521 2432 1631 2481; x_wconf 88' lang='lat' dir='ltr'>quae</span> <span class='ocrx_word' id='word_1_233' title='bbox 1652 2412 1852 2465; x_wconf 85' lang='lat' dir='ltr'>circiter</span> <span class='ocrx_word' id='word_1_234' title='bbox 1877 2425 1991 2467; x_wconf 90' lang='lat' dir='ltr'>sunt</span> 
     </span>
     <span class='ocr_line' id='line_1_26' title="bbox 74 2502 1991 2576; baseline -0.001 -17"><span class='ocrx_word' id='word_1_235' title='bbox 74 2502 464 2576; x_wconf 78' lang='lat' dir='ltr'>Angl.&#39;=4,500l.</span> <span class='ocrx_word' id='word_1_236' title='bbox 545 2510 579 2535; x_wconf 88' lang='lat'><em>“</em></span> <span class='ocrx_word' id='word_1_237' title='bbox 608 2503 879 2557; x_wconf 87' lang='lat' dir='ltr'>Laodiceae</span> <span class='ocrx_word' id='word_1_238' title='bbox 904 2503 1082 2572; x_wconf 83' lang='lat' dir='ltr'>viginti</span> <span class='ocrx_word' id='word_1_239' title='bbox 1107 2504 1279 2572; x_wconf 91' lang='lat' dir='ltr'>pondo</span> <span class='ocrx_word' id='word_1_240' title='bbox 1304 2502 1460 2572; x_wconf 86' lang='lat' dir='ltr'>paulo</span> <span class='ocrx_word' id='word_1_241' title='bbox 1485 2502 1755 2572; x_wconf 72' lang='lat' dir='ltr'>amplius,&#39;&#39;</span> <span class='ocrx_word' id='word_1_242' title='bbox 1790 2504 1991 2558; x_wconf 86' lang='lat' dir='ltr'>circiter</span> 
     </span>
     <span class='ocr_line' id='line_1_27' title="bbox 74 2594 1989 2670; baseline -0.001 -19"><span class='ocrx_word' id='word_1_243' title='bbox 74 2596 240 2670; x_wconf 80' lang='lat' dir='ltr'>Angl.</span> <span class='ocrx_word' id='word_1_244' title='bbox 279 2596 424 2658; x_wconf 84' lang='lat' dir='ltr'>900I.</span> <span class='ocrx_word' id='word_1_245' title='bbox 473 2597 734 2656; x_wconf 84' lang='lat' dir='ltr'>Quantum</span> <span class='ocrx_word' id='word_1_246' title='bbox 768 2595 1096 2662; x_wconf 90' lang='lat' dir='ltr'>Adramyttii‚</span> <span class='ocrx_word' id='word_1_247' title='bbox 1147 2594 1392 2664; x_wconf 82' lang='lat' dir='ltr'>quantum</span> <span class='ocrx_word' id='word_1_248' title='bbox 1439 2594 1697 2664; x_wconf 85' lang='lat' dir='ltr'>Pergami,</span> <span class='ocrx_word' id='word_1_249' title='bbox 1742 2607 1989 2666; x_wconf 90' lang='lat' dir='ltr'>quantum</span> 
     </span>
     <span class='ocr_line' id='line_1_28' title="bbox 69 2685 1993 2759; baseline -0.001 -15"><span class='ocrx_word' id='word_1_250' title='bbox 69 2691 125 2744; x_wconf 90' lang='lat' dir='ltr'>in</span> <span class='ocrx_word' id='word_1_251' title='bbox 147 2690 258 2744; x_wconf 87' lang='lat' dir='ltr'>aliis</span> <span class='ocrx_word' id='word_1_252' title='bbox 280 2690 509 2754; x_wconf 80' lang='lat' dir='ltr'>urbibuS‚</span> <span class='ocrx_word' id='word_1_253' title='bbox 533 2689 957 2759; x_wconf 88' lang='lat' dir='ltr'>comprehensum</span> <span class='ocrx_word' id='word_1_254' title='bbox 983 2706 1085 2738; x_wconf 88' lang='lat' dir='ltr'>non</span> <span class='ocrx_word' id='word_1_255' title='bbox 1109 2685 1412 2739; x_wconf 88' lang='lat' dir='ltr'>declaratur.</span> <span class='ocrx_word' id='word_1_256' title='bbox 1483 2686 1604 2739; x_wconf 89' lang='lat' dir='ltr'>Alia</span> <span class='ocrx_word' id='word_1_257' title='bbox 1627 2689 1749 2757; x_wconf 74' lang='lat' dir='ltr'>ergo</span> <span class='ocrx_word' id='word_1_258' title='bbox 1771 2688 1993 2743; x_wconf 87' lang='lat' dir='ltr'>ineunda</span> 
     </span>
     <span class='ocr_line' id='line_1_29' title="bbox 12 2767 1990 2854; baseline -0.002 -17"><span class='ocrx_word' id='word_1_259' title='bbox 12 2767 18 2771; x_wconf 14' lang='grc' dir='ltr'><strong>ᾖ</strong></span> <span class='ocrx_word' id='word_1_260' title='bbox 71 2794 151 2837; x_wconf 90' lang='lat' dir='ltr'>est</span> <span class='ocrx_word' id='word_1_261' title='bbox 174 2783 271 2849; x_wconf 88' lang='lat' dir='ltr'>via,</span> <span class='ocrx_word' id='word_1_262' title='bbox 307 2792 367 2835; x_wconf 90' lang='lat' dir='ltr'>ut</span> <span class='ocrx_word' id='word_1_263' title='bbox 389 2792 635 2854; x_wconf 90' lang='lat' dir='ltr'>quantum</span> <span class='ocrx_word' id='word_1_264' title='bbox 678 2800 836 2850; x_wconf 91' lang='lat' dir='ltr'>opum</span> <span class='ocrx_word' id='word_1_265' title='bbox 879 2800 942 2832; x_wconf 87' lang='lat' dir='ltr'>ex</span> <span class='ocrx_word' id='word_1_266' title='bbox 966 2780 1044 2831; x_wconf 84' lang='lat' dir='ltr'>his</span> <span class='ocrx_word' id='word_1_267' title='bbox 1069 2778 1428 2831; x_wconf 87' lang='lat' dir='ltr'>collationibus</span> <span class='ocrx_word' id='word_1_268' title='bbox 1453 2797 1722 2848; x_wconf 84' lang='lat' dir='ltr'>exsurgere</span> <span class='ocrx_word' id='word_1_269' title='bbox 1763 2780 1990 2849; x_wconf 87' lang='lat' dir='ltr'>potuerit</span> 
     </span>
     <span class='ocr_line' id='line_1_30' title="bbox 0 2868 1989 2945; baseline -0.002 -17"><span class='ocrx_word' id='word_1_270' title='bbox 0 2869 9 2874; x_wconf 55' lang='grc'><strong><em>’</em></strong></span> <span class='ocrx_word' id='word_1_271' title='bbox 71 2887 427 2945; x_wconf 87' lang='lat' dir='ltr'>cognoscatur.</span> <span class='ocrx_word' id='word_1_272' title='bbox 503 2873 709 2926; x_wconf 89' lang='lat' dir='ltr'>Ducem</span> <span class='ocrx_word' id='word_1_273' title='bbox 774 2872 810 2926; x_wconf 91' lang='lat' dir='ltr'><strong>J</strong></span> <span class='ocrx_word' id='word_1_274' title='bbox 814 2872 1065 2940; x_wconf 89' lang='lat' dir='ltr'>osephum</span> <span class='ocrx_word' id='word_1_275' title='bbox 1131 2889 1420 2941; x_wconf 87' lang='lat' dir='ltr'>sequamur.</span> <span class='ocrx_word' id='word_1_276' title='bbox 1493 2868 1566 2934; x_wconf 72' lang='lat' dir='ltr'>IS,</span> <span class='ocrx_word' id='word_1_277' title='bbox 1636 2872 1989 2925; x_wconf 87' lang='lat' dir='ltr'>auctoritatem</span> 
     </span>
     <span class='ocr_line' id='line_1_31' title="bbox 74 2949 1989 3041; baseline -0.003 -20"><span class='ocrx_word' id='word_1_278' title='bbox 74 2953 344 3022; x_wconf 82' lang='lat' dir='ltr'>Strabonis</span> <span class='ocrx_word' id='word_1_279' title='bbox 367 2957 593 3031; x_wconf 80' lang='lat' dir='ltr'>laudans,</span> <span class='ocrx_word' id='word_1_280' title='bbox 629 2967 781 3017; x_wconf 92' lang='lat' dir='ltr'>docet</span> <span class='ocrx_word' id='word_1_281' title='bbox 806 2963 1166 3016; x_wconf 89' lang='lat' dir='ltr'>Mithridatem</span> <span class='ocrx_word' id='word_1_282' title='bbox 1192 2958 1256 3014; x_wconf 85' lang='lat' dir='ltr'>ad</span> <span class='ocrx_word' id='word_1_283' title='bbox 1293 2980 1346 3014; x_wconf 91' lang='lat' dir='ltr'>se</span> <span class='ocrx_word' id='word_1_284' title='bbox 1371 2961 1501 3014; x_wconf 88' lang='lat' dir='ltr'>mitti</span> <span class='ocrx_word' id='word_1_285' title='bbox 1510 2962 1726 3041; x_wconf 79' lang='lat' dir='ltr'>jussisse</span> <span class='ocrx_word' id='word_1_286' title='bbox 1758 2982 1820 3015; x_wconf 88' lang='lat' dir='ltr'>ex</span> <span class='ocrx_word' id='word_1_287' title='bbox 1845 2949 1989 3016; x_wconf 68' lang='lat' dir='ltr'>sacra</span> 
     </span>
     <span class='ocr_line' id='line_1_32' title="bbox 71 3053 1987 3130; baseline -0.003 -17"><span class='ocrx_word' id='word_1_288' title='bbox 71 3058 314 3130; x_wconf 66' lang='lat' dir='ltr'>pecunia,</span> <span class='ocrx_word' id='word_1_289' title='bbox 369 3078 523 3130; x_wconf 88' lang='lat' dir='ltr'>quam</span> <span class='ocrx_word' id='word_1_290' title='bbox 560 3058 595 3112; x_wconf 89' lang='lat' dir='ltr'>J</span> <span class='ocrx_word' id='word_1_291' title='bbox 602 3057 731 3110; x_wconf 88' lang='lat' dir='ltr'>udaei</span> <span class='ocrx_word' id='word_1_292' title='bbox 770 3075 832 3108; x_wconf 87' lang='lat' dir='ltr'>ex</span> <span class='ocrx_word' id='word_1_293' title='bbox 871 3055 1002 3108; x_wconf 65' lang='lat' dir='ltr'>Asia</span> <span class='ocrx_word' id='word_1_294' title='bbox 1044 3055 1096 3106; x_wconf 90' lang='lat' dir='ltr'>in</span> <span class='ocrx_word' id='word_1_295' title='bbox 1134 3053 1348 3106; x_wconf 87' lang='lat' dir='ltr'>insulam</span> <span class='ocrx_word' id='word_1_296' title='bbox 1389 3053 1490 3119; x_wconf 89' lang='lat' dir='ltr'>Co,</span> <span class='ocrx_word' id='word_1_297' title='bbox 1544 3073 1678 3106; x_wconf 91' lang='lat' dir='ltr'>nunc</span> <span class='ocrx_word' id='word_1_298' title='bbox 1727 3053 1987 3121; x_wconf 68' lang='lat' dir='ltr'>State-CO,</span> 
     </span>
     <span class='ocr_line' id='line_1_33' title="bbox 72 3144 1984 3218; baseline -0.004 -12"><span class='ocrx_word' id='word_1_299' title='bbox 72 3150 448 3216; x_wconf 85' lang='lat' dir='ltr'>transtulerant,</span> <span class='ocrx_word' id='word_1_300' title='bbox 519 3155 555 3181; x_wconf 88' lang='lat'>“</span> <span class='ocrx_word' id='word_1_301' title='bbox 580 3148 870 3218; x_wconf 85' lang='lat' dir='ltr'>octingenta</span> <span class='ocrx_word' id='word_1_302' title='bbox 925 3146 1160 3211; x_wconf 86' lang='lat' dir='ltr'>talenta,&#39;&#39;</span> <span class='ocrx_word' id='word_1_303' title='bbox 1222 3145 1386 3216; x_wconf 80' lang='lat' dir='ltr'><em>Angl.</em></span> <span class='ocrx_word' id='word_1_304' title='bbox 1430 3144 1700 3210; x_wconf 71' lang='lat' dir='ltr'>290‚000l.</span> <span class='ocrx_word' id='word_1_305' title='bbox 1767 3146 1802 3199; x_wconf 88' lang='lat' dir='ltr'>J</span> <span class='ocrx_word' id='word_1_306' title='bbox 1807 3147 1984 3216; x_wconf 84' lang='lat' dir='ltr'>oseph.</span> 
     </span>
     <span class='ocr_line' id='line_1_34' title="bbox 73 3235 1804 3315; baseline -0.005 -16"><span class='ocrx_word' id='word_1_307' title='bbox 73 3243 256 3315; x_wconf 85' lang='lat' dir='ltr'>Antiq.</span> <span class='ocrx_word' id='word_1_308' title='bbox 278 3243 315 3298; x_wconf 88' lang='lat' dir='ltr'>J</span> <span class='ocrx_word' id='word_1_309' title='bbox 320 3244 404 3296; x_wconf 89' lang='lat' dir='ltr'>ud.</span> <span class='ocrx_word' id='word_1_310' title='bbox 430 3260 561 3296; x_wconf 80' lang='lat' dir='ltr'>XIV.</span> <span class='ocrx_word' id='word_1_311' title='bbox 584 3248 636 3300; x_wconf 87' lang='lat'>7.</span> <span class='ocrx_word' id='word_1_312' title='bbox 672 3260 722 3292; x_wconf 86' lang='lat' dir='ltr'>n.</span> <span class='ocrx_word' id='word_1_313' title='bbox 747 3248 798 3293; x_wconf 79' lang='lat'>2.</span> <span class='ocrx_word' id='word_1_314' title='bbox 841 3242 912 3292; x_wconf 82' lang='grc' dir='ltr'>Τοὶ</span> <span class='ocrx_word' id='word_1_315' title='bbox 933 3244 1025 3291; x_wconf 79' lang='grc' dir='ltr'>τῶν</span> <span class='ocrx_word' id='word_1_316' title='bbox 1046 3237 1273 3290; x_wconf 73' lang='grc' dir='ltr'><em>Ἰουδαίων</em></span> <span class='ocrx_word' id='word_1_317' title='bbox 1292 3236 1551 3290; x_wconf 78' lang='grc' dir='ltr'><em>ὀκτακόσια</em></span> <span class='ocrx_word' id='word_1_318' title='bbox 1570 3235 1804 3290; x_wconf 81' lang='grc' dir='ltr'><em>τάλαντα.</em></span> 
     </span>
    </p>

    <p class='ocr_par' dir='ltr' id='par_1_5' title="bbox 65 3326 1988 3590">
     <span class='ocr_line' id='line_1_35' title="bbox 149 3326 1986 3406; baseline -0.004 -16"><span class='ocrx_word' id='word_1_319' title='bbox 149 3335 231 3392; x_wconf 90' lang='lat' dir='ltr'>Sit</span> <span class='ocrx_word' id='word_1_320' title='bbox 255 3334 479 3406; x_wconf 90' lang='lat' dir='ltr'>quidem,</span> <span class='ocrx_word' id='word_1_321' title='bbox 516 3353 609 3404; x_wconf 89' lang='lat' dir='ltr'>per</span> <span class='ocrx_word' id='word_1_322' title='bbox 649 3352 732 3385; x_wconf 92' lang='lat' dir='ltr'>me</span> <span class='ocrx_word' id='word_1_323' title='bbox 755 3331 890 3397; x_wconf 90' lang='lat' dir='ltr'>licet,</span> <span class='ocrx_word' id='word_1_324' title='bbox 931 3341 1039 3384; x_wconf 91' lang='lat' dir='ltr'>tota</span> <span class='ocrx_word' id='word_1_325' title='bbox 1075 3330 1185 3382; x_wconf 84' lang='lat' dir='ltr'>haec</span> <span class='ocrx_word' id='word_1_326' title='bbox 1223 3328 1451 3399; x_wconf 86' lang='lat' dir='ltr'>pecuniae</span> <span class='ocrx_word' id='word_1_327' title='bbox 1489 3346 1687 3382; x_wconf 87' lang='lat' dir='ltr'>summa</span> <span class='ocrx_word' id='word_1_328' title='bbox 1724 3326 1755 3380; x_wconf 72' lang='lat' dir='ltr'>a</span> <span class='ocrx_word' id='word_1_329' title='bbox 1775 3329 1986 3392; x_wconf 36' lang='lat' dir='ltr'>,Judaeis</span> 
     </span>
     <span class='ocr_line' id='line_1_36' title="bbox 65 3406 1988 3488; baseline -0.005 -7"><span class='ocrx_word' id='word_1_330' title='bbox 65 3427 316 3482; x_wconf 61' lang='lat' dir='ltr'>‘Asiaticis</span> <span class='ocrx_word' id='word_1_331' title='bbox 338 3426 473 3480; x_wconf 86' lang='lat' dir='ltr'>mitti</span> <span class='ocrx_word' id='word_1_332' title='bbox 496 3426 663 3479; x_wconf 89' lang='lat' dir='ltr'>solita.</span> <span class='ocrx_word' id='word_1_333' title='bbox 738 3423 894 3478; x_wconf 68' lang='lat' dir='ltr'>Certe</span> <span class='ocrx_word' id='word_1_334' title='bbox 918 3442 1022 3476; x_wconf 91' lang='lat' dir='ltr'>non</span> <span class='ocrx_word' id='word_1_335' title='bbox 1038 3421 1285 3474; x_wconf 89' lang='lat' dir='ltr'>minorem</span> <span class='ocrx_word' id='word_1_336' title='bbox 1307 3439 1560 3474; x_wconf 89' lang='lat' dir='ltr'>summam</span> <span class='ocrx_word' id='word_1_337' title='bbox 1578 3406 1639 3472; x_wconf 79' lang='lat' dir='ltr'>ex</span> <span class='ocrx_word' id='word_1_338' title='bbox 1662 3419 1899 3488; x_wconf 72' lang='lat' dir='ltr'>Europa,</span> <span class='ocrx_word' id='word_1_339' title='bbox 1925 3439 1988 3472; x_wconf 85' lang='lat' dir='ltr'>ex</span> 
     </span>
     <span class='ocr_line' id='line_1_37' title="bbox 75 3510 1987 3590; baseline -0.007 -15"><span class='ocrx_word' id='word_1_340' title='bbox 75 3518 326 3590; x_wconf 83' lang='lat' dir='ltr'>AEgypto‚</span> <span class='ocrx_word' id='word_1_341' title='bbox 365 3537 430 3571; x_wconf 84' lang='lat' dir='ltr'>ex</span> <span class='ocrx_word' id='word_1_342' title='bbox 454 3516 654 3586; x_wconf 68' lang='lat' dir='ltr'>Africa,</span> <span class='ocrx_word' id='word_1_343' title='bbox 690 3515 958 3570; x_wconf 88' lang='lat' dir='ltr'>mittebant</span> <span class='ocrx_word' id='word_1_344' title='bbox 993 3514 1147 3568; x_wconf 89' lang='lat' dir='ltr'>ceteri</span> <span class='ocrx_word' id='word_1_345' title='bbox 1169 3513 1206 3569; x_wconf 85' lang='lat' dir='ltr'>J</span> <span class='ocrx_word' id='word_1_346' title='bbox 1210 3513 1355 3568; x_wconf 85' lang='lat' dir='ltr'>udaei.</span> <span class='ocrx_word' id='word_1_347' title='bbox 1397 3511 1540 3581; x_wconf 73' lang='lat' dir='ltr'>Ergo</span> <span class='ocrx_word' id='word_1_348' title='bbox 1563 3511 1769 3565; x_wconf 66' lang='lat' dir='ltr'>modica</span> <span class='ocrx_word' id='word_1_349' title='bbox 1794 3510 1987 3580; x_wconf 62' lang='lat' dir='ltr'>potius„</span> 
     </span>
    </p>
   </div>
   <div class='ocr_carea' id='block_1_3' title="bbox 221 3631 1699 3684">
    <p class='ocr_par' dir='ltr' id='par_1_6' title="bbox 221 3631 1699 3684">
     <span class='ocr_line' id='line_1_38' title="bbox 221 3631 1699 3684; baseline -0.003 -1"><span class='ocrx_word' id='word_1_350' title='bbox 221 3646 360 3684; x_wconf 74' lang='lat' dir='ltr'>vox..</span> <span class='ocrx_word' id='word_1_351' title='bbox 396 3647 493 3684; x_wconf 89' lang='lat'>111.</span> <span class='ocrx_word' id='word_1_352' title='bbox 866 3660 873 3666; x_wconf 94' lang='lat'><strong>·</strong></span> <span class='ocrx_word' id='word_1_353' title='bbox 1611 3631 1646 3679; x_wconf 76' lang='lat'>2</span> <span class='ocrx_word' id='word_1_354' title='bbox 1674 3641 1699 3675; x_wconf 88' lang='lat' dir='ltr'>s</span> 
     </span>
    </p>
   </div>
  </div>
 </body>
</html>
