2210 3978
254 178 357 238 670
765 180 970 230 NOTAE
1009 180 1095 229 ET
1131 181 1686 231 EMENDATIONES
1746 190 1751 200 '

321 305 375 358 A
403 303 598 374 templo
621 305 888 372 exteriore,
909 305 999 359 ubi
1025 307 1207 359 atrium
1227 317 1333 360 erat
1356 306 1604 375 gentium,
1624 309 1689 360 ad
1708 309 1915 364 interius
1934 308 2184 383 templum

249 397 552 450 adeuntibus
567 397 662 450 alia
672 401 1035 451 obversabatur
1054 408 1222 467 porta,
1237 400 1503 452 Orientem
1523 404 1926 471 quoqueversus,
1938 405 2185 478 quinqua-

248 490 389 559 ginta
414 489 617 543 cubitos
642 490 758 555 alta,
785 501 835 543 et
861 491 1192 560 quadraginta
1217 491 1337 544 lata.
1414 492 1546 563 Ejus
1572 495 1708 546 fores
1729 495 2052 550 crassissimis
2076 499 2186 554 auri

247 581 540 653 argentique
590 582 791 634 laminis
852 583 1063 635 vestitae.
1154 581 1215 634 In
1266 580 1599 636 Meridionali
1660 587 2183 689 Septemtrionalique

247 676 493 749 ejusdem
501 674 681 745 templi
704 675 944 728 lateribus
970 686 1093 728 octo
1122 675 1233 729 aliae
1257 688 1400 728 erant
1442 688 1622 745 portae,
1661 698 1704 729 e
1695 678 1862 744 Aidem,
1889 681 1990 750 qua
2025 658 2182 736 modo

246 771 382 823 dicta
401 768 682 822 exterioris
689 767 869 838 templi
896 779 1064 838 porta,
1084 769 1452 836 magnitudine:
1481 789 1564 821 ear
1567 788 1651 821 um
1673 791 1874 841 quoque
1894 774 2031 826 fores
2055 794 2182 828 auro

246 872 557 933 argentoque
583 871 796 914 onustae.
836 861 872 915 J
877 863 1055 930 oseph.
1082 861 1184 914 loc.
1210 860 1298 914 cit.

318 955 382 1008 In
409 954 648 1007 interiore
669 955 771 1007 hoc
797 953 992 1023 templo
1017 963 1125 1006 erat
1147 953 1329 1006 atrium
1354 954 1390 1008 J
1395 956 1672 1021 udaeorum,
1699 976 1801 1033 ara,
1826 966 1879 1010 et
1903 959 2181 1029 penetrale,

245 1049 387 1119 quod
416 1047 665 1100 Sanctum
691 1057 742 1099 et
770 1045 1018 1099 Sanctum
1048 1045 1358 1099 Sanctorum
1382 1046 1663 1101 dicebatur.
1739 1048 1877 1101 Illud
1901 1053 2180 1120 penetrale,

243 1150 302 1193 ut
325 1140 607 1205 sanctitate,
627 1140 698 1192 ita
722 1150 971 1209 apparatu
991 1149 1042 1192 et
1067 1139 1333 1208 opulentia
1353 1150 1460 1193 erat
1486 1141 1820 1212 praecipuum.
1869 1143 1999 1216 Ejus
2021 1148 2179 1213 frons,

245 1232 450 1286 Orienti
475 1235 707 1297 obversa,
732 1232 833 1285 lata
859 1232 1064 1285 cubitos
1092 1243 1315 1299 eentum,
1352 1232 1566 1286 totidem
1594 1233 1712 1301 alta,
1738 1245 1848 1288 tota
1877 1257 2000 1290 auro
2025 1237 2179 1292 reful-

241 1330 413 1397 gebat.
488 1326 670 1397 Ipsum
733 1345 938 1396 quoque
989 1325 1145 1378 totius
1194 1325 1468 1395 penetralis
1523 1327 1798 1397 fastigium,
1861 1327 2042 1394 aureis,
2089 1331 2180 1384 sed

242 1419 566 1484 acutissimis,
609 1421 826 1471 verubus
866 1413 1122 1484 horrebat,
1157 1438 1221 1470 ne
1262 1421 1326 1470 ab
1360 1418 1691 1473 insidentibus
1727 1420 1910 1491 ,avibus
1947 1421 2179 1493 inquina-

241 1524 395 1567 retur.
473 1512 601 1583 Ejus
641 1520 793 1581 porta
818 1522 926 1564 erat
952 1511 1272 1581 septuaginta
1299 1512 1501 1564 cubitos
1526 1512 1645 1579 alta,
1672 1512 1894 1584 quinque
1919 1525 1971 1567 et
2000 1514 2179 1586 viginti

237 1606 357 1671 lata,
405 1603 491 1658 cui
528 1604 684 1658 nullae
726 1613 897 1657 tamen
935 1605 1089 1670 foreS,
1128 1614 1185 1656 ut
1232 1603 1353 1656 coeli
1391 1624 1595 1674 semper
1640 1606 1859 1675 patentis
1896 1607 2172 1677 imaginem

238 1700 465 1753 referret.
538 1684 668 1749 Inde
691 1707 800 1750 erat
831 1706 1138 1766 prospectus
1167 1696 1218 1748 in
1244 1696 1465 1766 primam
1504 1698 1776 1768 penetralis
1816 1710 2010 1770 partem
2049 1703 2174 1766 (tres

237 1790 445 1845 enimin
470 1801 641 1860 partes
665 1788 981 1843 dividebatur
1006 1789 1288 1859 penetrale)
1313 1789 1469 1842 altam
1497 1791 1633 1844 intus
1661 1791 1860 1845 cubitos
1883 1792 2173 1863 nonaginta,

236 1883 445 1955 longam
471 1881 854 1954 quinquaginta,
878 1882 1058 1951 viginti
1082 1881 1256 1935 latam.
1334 1883 1493 1936 Porta
1527 1894 1579 1935 et
1610 1882 1776 1953 prima
1800 1883 1884 1938 illa
1907 1904 2024 1956 pars
2046 1885 2175 1940 inte-

237 1976 356 2031 rior.
379 1974 652 2047 penetralis
677 1974 897 2046 undique
923 1995 1047 2027 auro
1073 1978 1410 2042 coruscabat3
1449 1987 1502 2029 et
1534 1996 1687 2046 supra
1721 1987 1923 2056 portam
1951 1997 2174 2048 expansa

236 2080 347 2124 erat
366 2069 476 2123 vitis
496 2068 585 2122 illa
605 2089 772 2134 aurea,
792 2069 924 2120 unde
941 2067 1079 2121 botri
1095 2069 1288 2121 statura
1308 2068 1529 2121 humana
1550 2070 1925 2139 dependebant.
1950 2069 1986 2128 J
1989 2071 2169 2142 oseph

236 2168 273 2195 “
296 2162 479 2235 Antiq.
502 2162 662 2216 Judss’
689 2181 790 2215 xv.
834 2170 915 2213 ll.
955 2181 1006 2213 n.
1034 2169 1087 2214 3.
1125 2169 1217 2214 et‘
1201 2168 1236 2192 “
1266 2161 1401 2214 Bell.
1427 2162 1586 2216 Jud.'²
1615 2181 1668 2214 v.
1689 2169 1741 2216 5.
1778 2182 1829 2216 ιι.
1855 2170 1910 2218 4.
1951 2162 2040 2218 De
2071 2163 2170 2222 hac

236 2256 339 2314 vite
363 2255 559 2309 dictum
588 2255 704 2308 satis
729 2274 882 2324 supra
909 2274 1026 2324 cap.
1051 2261 1103 2307 5.
2143 2285 2150 2289 -

313 2349 547 2402 Primam
579 2348 709 2400 hanc
735 2346 1008 2418 penetralis
1042 2356 1242 2417 partem
1280 2347 1573 2416 excipiebat
1596 2367 1715 2417 pars
1739 2347 1897 2401 altera
1929 2349 2168 2416 sanctior,

236 2444 341 2498 alta
365 2441 568 2497 cubitos
602 2440 875 2510 sexaginta,
918 2439 1249 2512 quadraginta
1285 2440 1457 2511 longa,
1496 2452 1547 2494 et
1570 2441 1748 2512 viginti
1784 2441 1906 2495 lata.
1978 2441 2167 2500 Aureae

233 2547 379 2592 erant
412 2538 522 2609 ejus
547 2537 703 2600 foreS,
730 2534 843 2588 altae
868 2535 1070 2588 cubitos
1098 2534 1318 2604 quinque
1342 2544 1394 2586 et
1419 2533 1801 2605 quinquaginta,
1837 2533 1954 2588 latae
1991 2536 2169 2588 sexde-

233 2631 362 2685 cim:
388 2639 505 2683 ante
522 2629 614 2682 has
633 2631 767 2682 fores
787 2647 1067 2697 expansum
1088 2637 1193 2679 erat
1218 2626 1434 2679 aulaeum
1457 2626 1850 2695 Babylonicum,
1875 2626 2163 2696 hyacintho,

233 2727 407 2795 bysso,
432 2741 613 2787 coece,
639 2732 691 2775 et
727 2740 972 2792 purpura,
997 2719 1216 2772 mirabili
1241 2729 1366 2783 arte,
1389 2729 1703 2772 contextum.
1779 2717 1881 2772 In
1869 2738 1984 2788 ipso
2006 2738 2164 2789 pene-

231 2816 365 2881 trali,
390 2815 553 2870 aureis
579 2834 785 2886 quoque
811 2812 1118 2866 ornamentis
1145 2811 1358 2882 fulgido,
1394 2821 1501 2864 erat
1538 2830 1712 2864 mensa
1746 2829 1920 2876 aurea,
1955 2830 2163 2870 aureum

231 2908 614 2973 candelabrum,
663 2906 978 2960 thuribulum
1042 2925 1270 2971 aureum,
1317 2904 1579 2974 praecipua
1624 2880 1858 2960 Judaicae
1906 2904 2163 2975 religionis

229 3012 582 3066 monumenta,
622 3002 686 3053 de
711 3000 895 3071 quibus
920 2999 1113 3052 dictum
1154 2998 1204 3050 in
1230 2997 1541 3068 Appendice
1565 2998 1630 3050 ad
1668 2996 1857 3050 librum
1884 2995 2162 3054 Histoi-iar.

210 3100 396 3153 .v.51.
433 3093 567 3147 Vide
591 3102 644 3147 et
660 3092 976 3162 Josephum,
1014 3096 1050 3123 “
1072 3090 1209 3144 Bell.
1233 3089 1390 3145 Jud.’'
1418 3109 1470 3142 v.
1495 3097 1547 3143 5.
1573 3096 1694 3144 n.5.

307 3184 674 3245 Post'alteram
691 3186 823 3238 hanc
847 3183 1123 3255 penetralis
1148 3193 1367 3254 partem,
1393 3184 1530 3253 pone
1556 3183 1861 3254 sequebatur
1879 3200 1996 3253 pars
2010 3181 2160 3236 tertia

229 3290 282 3335 et
295 3278 630 3344 sanctissima,
649 3298 762 3350 quae
773 3276 1131 3348 appellabatur
1150 3275 1398 3329 Sanctum
1410 3274 1611 3340 Sancti,
1622 3293 1710 3327 seu
1725 3272 1975 3335 Sanctum
1996 3273 2160 3330 Sanc-

228 3383 415 3427 torum.
487 3372 628 3427 Ante
652 3390 829 3425 aureas
854 3389 1059 3442 quoque
1083 3370 1210 3441 erS,
1247 3379 1306 3423 ut
1328 3388 1499 3440 supra,
1535 3369 1690 3433 foreS,
1728 3386 2011 3438 expansum
2048 3379 2160 3422 erat

228 3465 416 3520 velum.
489 3464 654 3532 (Illud
685 3475 762 3517 est
792 3462 977 3529 velum,
1001 3463 1139 3532 quod
1161 3461 1214 3514 in
1235 3448 1400 3515 morte
1435 3461 1472 3515 J
1476 3464 1566 3514 e‘su
1590 3458 1782 3513 Christi
1805 3457 2015 3513 scissum
2037 3466 2158 3529 est.)

228 3557 410 3614 Tertia
449 3556 539 3611 illa
575 3576 691 3628 pars
731 3553 1024 3628 penetraliS,
1059 3553 1164 3608 alta
1198 3553 1403 3607 cubitos
1439 3551 1715 3622 sexaginta,
1754 3549 1910 3622 longa
1949 3552 2153 3608 cubitos
