2210 3978
438 149 536 198 AD
572 147 699 198 LIB.
737 147 828 196 IV.
861 146 1036 197 HIST.
1070 148 1128 198 C.
1164 148 1374 200 CORN.
1408 151 1653 205 TACITI.
1919 159 2016 211 615

412 330 625 396 Grandis
645 328 693 393 in
718 344 916 394 aetherio
940 343 1058 395 licet
1080 345 1243 395 auctio
1267 345 1353 396 fiat
1377 349 1634 414 Olympo,x

473 454 815 516 Coganturque
840 452 932 500 Dei
957 451 1159 501 vendere
1183 453 1416 519 quidquid
1442 457 1651 507 habentz

411 559 736 610 Conturbabit
760 560 912 618 Atlas,
948 566 996 607 et
1019 572 1116 608 non
1139 561 1230 609 erit
1253 562 1394 611 uncia
1417 570 1535 622 tota,

479 666 690 715 Decidat
712 674 876 715 tecum
900 666 994 730 qua
1019 674 1157 730 pater
1178 668 1279 732 ipse
1302 669 1480 719 Deum.

413 772 508 822 Pro
533 772 816 837 Capitolinis
840 773 956 837 quid
980 774 1106 823 enim
1126 775 1213 824 tibi
1237 777 1418 826 solvere
1440 779 1646 844 templis,

472 879 604 937 Quid
630 896 721 943 pro
742 878 967 944 Tarpeiae
993 880 1175 930 frondis
1198 883 1380 932 honore
1402 887 1599 949 potestl

410 987 542 1045 Quid
566 1005 656 1053 pro
681 989 969 1038 culminibus
992 989 1191 1055 geminis
1215 999 1435 1040 matrona
1462 992 1730 1043 Tonantis?

470 1096 673 1146 Pallada
695 1105 957 1161 praetereo:
996 1115 1070 1171 res
1093 1099 1190 1163 agit
1215 1099 1299 1147 illa
1322 1107 1442 1149 tuas.

406 1183 538 1259 Quid
563 1204 738 1268 loquar
759 1205 981 1264 Alciden,
1019 1206 1371 1271 Phoebumque,
1395 1206 1597 1272 piosque
1622 1176 1862 1257 Laconas:

474 1312 657 1360 Addita
680 1313 797 1378 quid
823 1315 961 1363 Latio
988 1315 1149 1381 Elavia
1173 1316 1351 1380 templa
1373 1315 1527 1379 polo?

403 1419 642 1486 Expectes
667 1429 716 1471 et
739 1422 981 1495 sustineas,
1017 1425 1248 1488 Auguste,
1284 1438 1472 1472 necesse
1496 1429 1596 1473 est:

472 1529 600 1578 Nam
623 1529 712 1578 tibi
736 1531 868 1597 quod
892 1533 1065 1593 solvat,
1101 1549 1198 1587 non
1221 1532 1370 1581 habet
1391 1547 1504 1580 arca
1526 1533 1556 1581 J
1560 1530 1705 1580 ovis.'’

1 1781 7 1785 ,
72 1711 177 1779 His
202 1723 444 1794 impensis
469 1724 667 1795 suaque
692 1722 893 1776 luxurie
927 1722 1192 1793 publicam
1234 1725 1534 1795 pauperiem
1578 1714 1767 1779 fecerat
1810 1725 1998 1781 Domi-

68 1817 251 1881 tianuS.
328 1815 661 1870 Liberalitate
698 1816 921 1887 publicae
947 1817 1240 1887 paupertati
1264 1818 1499 1871 subvenit
1521 1817 1796 1891 TrajanuS‚
1846 1820 1997 1873 Prin-

68 1929 191 1980 ceps
241 1909 485 1981 optimus.
561 1908 884 1979 Capitolium
934 1925 1140 1982 quoque
1186 1910 1397 1977 ornavit,
1461 1911 1656 1981 privat-21
1707 1911 1995 1966 Domitiani

65 2002 266 2057 luxurie
290 2003 326 2058 J
331 2003 415 2056 ovi
439 2001 655 2056 sacrata.
731 2001 797 2054 Id
822 2001 1046 2055 celebrat
1072 2002 1348 2069 MartialiS,
1376 2004 1697 2075 Epigramm.
1726 2008 1843 2059 ΧΠ.
1876 2013 1956 2059 15.

395 2209 429 2229 “
464 2200 719 2267 Quidquid
742 2199 991 2248 Parrhasia
1017 2201 1202 2249 nitebat
1225 2200 1351 2260 aula,

466 2311 713 2358 Donatum
737 2315 808 2357 est
829 2309 993 2368 oculiS‚
1031 2310 1243 2374 Deisque
1268 2310 1455 2372 nostris,

468 2417 677 2466 Miratur
701 2417 950 2483 Scythicas
971 2417 1166 2467 virentis
1191 2418 1294 2467 auri

470 2527 705 2575 Flammas
728 2527 935 2591 Jupiter,
972 2533 1020 2576 et
1045 2526 1460 2590 stupet-superbus

466 2634 611 2699 Regis
636 2634 849 2692 delicias,
885 2610 1148 2699 gravesque
1173 2634 1317 2682 lusus.

471 2717 594 2790 Haec
620 2749 728 2791 sunt
750 2743 944 2807 pocula,
982 2760 1094 2808 quae
1120 2743 1296 2792 decent
1316 2741 1619 2790 Tonantem:
1643 2768 1650 2778 ·

468 2849 590 2897 Haec
614 2856 739 2907 sunt,
777 2867 889 2914 quae
914 2850 1176 2915 Phrygium
1202 2848 1374 2897 decent
1394 2846 1674 2896 ministrum.

460 2957 642 3005 Omnes
664 2973 774 3005 cum
796 2959 920 3007 Jove
943 2975 1074 3006 nunc
1099 2974 1259 3007 sumus
1282 2955 1412 3006 beati
1433 2973 1445 3006 :

466 3064 532 3112 At
553 3079 719 3128 nuper,
753 3064 918 3128 pudet,
955 3066 1018 3114 ah
1039 3065 1191 3139 pudet
1213 3063 1368 3123 fateri,

467 3171 650 3221 Omnes
672 3189 783 3221 cum
805 3173 934 3222 Jove
949 3190 1184 3240 pauperes
1210 3174 1445 3222 eramuS.'’

68 3370 241 3429 Immo
263 3374 534 3448 TrajanuS,
573 3374 722 3433 tertio
767 3401 860 3435 suo
900 3380 1188 3447 consulatu,
1226 3379 1424 3433 videtur
1461 3394 1587 3430 auro
1624 3373 1788 3428 solido
1826 3374 1861 3429 J
1867 3374 1990 3441 ovis,

65 3465 104 3523 J
108 3469 288 3522 unonis
313 3489 374 3523 ac
399 3470 650 3526 Minervae
676 3483 867 3530 statuas
894 3475 1094 3531 fecisse.
1169 3474 1327 3535 Quod
1354 3470 1474 3526 satis
1515 3467 1675 3522 innuit
1715 3466 1991 3529 Martialis,

70 3557 392 3632 Epigramm.
421 3581 509 3617 xl.
548 3573 597 3618 5.
