<?xml version="1.0" encoding="UTF-8"?>
<!DOCTYPE html PUBLIC "-//W3C//DTD XHTML 1.0 Transitional//EN"
    "http://www.w3.org/TR/xhtml1/DTD/xhtml1-transitional.dtd">
<html xmlns="http://www.w3.org/1999/xhtml" xml:lang="en" lang="en">
 <head>
  <title>
</title>
<meta http-equiv="Content-Type" content="text/html;charset=utf-8" />
  <meta name='ocr-system' content='tesseract 3.04.00' />
  <meta name='ocr-capabilities' content='ocr_page ocr_carea ocr_par ocr_line ocrx_word'/>
</head>
<body>
  <div class='ocr_page' id='page_1' title='image "./operarecognovite03taciuoft_0057.png"; bbox 0 0 1786 3204; ppageno 0'>
   <div class='ocr_carea' id='block_1_1' title="bbox 43 180 1582 238">
    <p class='ocr_par' dir='ltr' id='par_1_1' title="bbox 43 180 1582 238">
     <span class='ocr_line' id='line_1_1' title="bbox 43 180 1582 238; baseline 0 -12"><span class='ocrx_word' id='word_1_1' title='bbox 43 186 83 226; x_wconf 87' lang='lat' dir='ltr'><strong>J.</strong></span> <span class='ocrx_word' id='word_1_2' title='bbox 110 187 157 226; x_wconf 88' lang='lat' dir='ltr'><strong>C.</strong></span> <span class='ocrx_word' id='word_1_3' title='bbox 185 182 252 233; x_wconf 87' lang='lat'><strong>69.</strong></span> <span class='ocrx_word' id='word_1_4' title='bbox 451 180 840 223; x_wconf 83' lang='lat' dir='ltr'>HISTORIARUM</span> <span class='ocrx_word' id='word_1_5' title='bbox 871 182 1033 238; x_wconf 80' lang='lat' dir='ltr'>LIBER</span> <span class='ocrx_word' id='word_1_6' title='bbox 1061 182 1282 223; x_wconf 89' lang='lat' dir='ltr'><strong>PRIMUS.</strong></span> <span class='ocrx_word' id='word_1_7' title='bbox 1526 192 1582 230; x_wconf 72' lang='lat'><strong>47</strong></span> 
     </span>
    </p>
   </div>
   <div class='ocr_carea' id='block_1_2' title="bbox 46 285 1598 964">
    <p class='ocr_par' dir='ltr' id='par_1_2' title="bbox 46 285 1598 964">
     <span class='ocr_line' id='line_1_2' title="bbox 48 285 1586 351; baseline 0.001 -15"><span class='ocrx_word' id='word_1_8' title='bbox 48 293 86 323; x_wconf 67' lang='lat'><strong>‘⁴</strong></span> <span class='ocrx_word' id='word_1_9' title='bbox 101 287 366 351; x_wconf 86' lang='lat' dir='ltr'>Principum</span> <span class='ocrx_word' id='word_1_10' title='bbox 390 287 644 345; x_wconf 87' lang='lat' dir='ltr'><strong>honores,&#39;’</strong></span> <span class='ocrx_word' id='word_1_11' title='bbox 677 285 984 334; x_wconf 82' lang='lat' dir='ltr'><strong>adnitentibus</strong></span> <span class='ocrx_word' id='word_1_12' title='bbox 1030 286 1207 335; x_wconf 89' lang='lat' dir='ltr'><strong>cunctis</strong></span> <span class='ocrx_word' id='word_1_13' title='bbox 1244 286 1431 335; x_wconf 89' lang='lat' dir='ltr'><strong>abolere</strong></span> <span class='ocrx_word' id='word_1_14' title='bbox 1474 305 1586 337; x_wconf 92' lang='lat' dir='ltr'><strong>con-</strong></span> 
     </span>
     <span class='ocr_line' id='line_1_3' title="bbox 47 363 1588 430; baseline 0.001 -18"><span class='ocrx_word' id='word_1_15' title='bbox 47 364 163 413; x_wconf 85' lang='lat' dir='ltr'><strong>vicia</strong></span> <span class='ocrx_word' id='word_1_16' title='bbox 201 376 272 413; x_wconf 56' lang='lat' dir='ltr'><strong>ac*</strong></span> <span class='ocrx_word' id='word_1_17' title='bbox 292 366 480 428; x_wconf 86' lang='lat' dir='ltr'><strong>probra,</strong></span> <span class='ocrx_word' id='word_1_18' title='bbox 522 381 628 428; x_wconf 85' lang='lat' dir='ltr'><strong>quae</strong></span> <span class='ocrx_word' id='word_1_19' title='bbox 664 363 926 427; x_wconf 68' lang='lat' dir='ltr'><strong>promiscue</strong></span> <span class='ocrx_word' id='word_1_20' title='bbox 944 365 1082 428; x_wconf 90' lang='lat' dir='ltr'><strong>jacta,</strong></span> <span class='ocrx_word' id='word_1_21' title='bbox 1105 363 1289 412; x_wconf 83' lang='lat' dir='ltr'><strong>haesisse</strong></span> <span class='ocrx_word' id='word_1_22' title='bbox 1309 364 1464 412; x_wconf 87' lang='lat' dir='ltr'><strong>animo</strong></span> <span class='ocrx_word' id='word_1_23' title='bbox 1487 368 1588 430; x_wconf 90' lang='lat' dir='ltr'><strong>ejus</strong></span> 
     </span>
     <span class='ocr_line' id='line_1_4' title="bbox 46 439 1588 499; baseline 0.001 -10"><span class='ocrx_word' id='word_1_24' title='bbox 46 457 186 489; x_wconf 81' lang='lat' dir='ltr'><strong>nemo</strong></span> <span class='ocrx_word' id='word_1_25' title='bbox 220 442 387 489; x_wconf 84' lang='lat' dir='ltr'><strong>sensit:</strong></span> <span class='ocrx_word' id='word_1_26' title='bbox 431 440 654 488; x_wconf 85' lang='lat' dir='ltr'><strong>omisisset</strong></span> <span class='ocrx_word' id='word_1_27' title='bbox 691 439 905 499; x_wconf 86' lang='lat' dir='ltr'><strong>offensas,</strong></span> <span class='ocrx_word' id='word_1_28' title='bbox 947 457 1007 488; x_wconf 90' lang='lat' dir='ltr'><strong>an</strong></span> <span class='ocrx_word' id='word_1_29' title='bbox 1046 440 1308 499; x_wconf 87' lang='lat' dir='ltr'><strong>distulisset,</strong></span> <span class='ocrx_word' id='word_1_30' title='bbox 1365 443 1588 491; x_wconf 87' lang='lat' dir='ltr'><strong>brevitate</strong></span> 
     </span>
     <span class='ocr_line' id='line_1_5' title="bbox 48 515 1588 583; baseline 0.001 -18"><span class='ocrx_word' id='word_1_31' title='bbox 48 516 227 582; x_wconf 88' lang='lat' dir='ltr'><strong>imperii</strong></span> <span class='ocrx_word' id='word_1_32' title='bbox 266 518 314 564; x_wconf 89' lang='lat' dir='ltr'><strong>in</strong></span> <span class='ocrx_word' id='word_1_33' title='bbox 359 519 535 565; x_wconf 90' lang='lat' dir='ltr'><strong>incerto</strong></span> <span class='ocrx_word' id='word_1_34' title='bbox 571 515 698 564; x_wconf 86' lang='lat' dir='ltr'><strong>fuit.·</strong></span> <span class='ocrx_word' id='word_1_35' title='bbox 747 517 898 576; x_wconf 85' lang='lat' dir='ltr'><strong>Otho,</strong></span> <span class='ocrx_word' id='word_1_36' title='bbox 939 528 1132 565; x_wconf 91' lang='lat' dir='ltr'><strong>cruento</strong></span> <span class='ocrx_word' id='word_1_37' title='bbox 1173 518 1324 565; x_wconf 90' lang='lat' dir='ltr'><strong>adhuc</strong></span> <span class='ocrx_word' id='word_1_38' title='bbox 1357 517 1479 577; x_wconf 90' lang='lat' dir='ltr'><strong>foro,</strong></span> <span class='ocrx_word' id='word_1_39' title='bbox 1500 536 1588 583; x_wconf 90' lang='lat' dir='ltr'><strong>per</strong></span> 
     </span>
     <span class='ocr_line' id='line_1_6' title="bbox 49 592 1587 659; baseline 0.001 -18"><span class='ocrx_word' id='word_1_40' title='bbox 49 605 249 659; x_wconf 83' lang='lat' dir='ltr'><strong>stragem</strong></span> <span class='ocrx_word' id='word_1_41' title='bbox 285 594 553 659; x_wconf 86' lang='lat' dir='ltr'><strong>jacentium,</strong></span> <span class='ocrx_word' id='word_1_42' title='bbox 576 593 624 640; x_wconf 90' lang='lat' dir='ltr'><strong>in</strong></span> <span class='ocrx_word' id='word_1_43' title='bbox 649 592 964 657; x_wconf 86' lang='lat' dir='ltr'><strong>Capitolium,¹</strong></span> <span class='ocrx_word' id='word_1_44' title='bbox 989 605 1125 658; x_wconf 90' lang='lat' dir='ltr'><strong>atque</strong></span> <span class='ocrx_word' id='word_1_45' title='bbox 1147 594 1255 641; x_wconf 86' lang='lat' dir='ltr'><strong>inde</strong></span> <span class='ocrx_word' id='word_1_46' title='bbox 1280 594 1327 642; x_wconf 90' lang='lat' dir='ltr'><strong>in</strong></span> <span class='ocrx_word' id='word_1_47' title='bbox 1348 596 1587 658; x_wconf 85' lang='lat' dir='ltr'><strong>palatium²</strong></span> 
     </span>
     <span class='ocr_line' id='line_1_7' title="bbox 48 669 1584 736; baseline 0.002 -18"><span class='ocrx_word' id='word_1_48' title='bbox 48 683 223 729; x_wconf 90' lang='lat' dir='ltr'><strong>vectus,</strong></span> <span class='ocrx_word' id='word_1_49' title='bbox 248 676 281 698; x_wconf 90' lang='lat'><strong>“</strong></span> <span class='ocrx_word' id='word_1_50' title='bbox 299 669 490 718; x_wconf 86' lang='lat' dir='ltr'><strong>concedi</strong></span> <span class='ocrx_word' id='word_1_51' title='bbox 513 686 709 733; x_wconf 87' lang='lat' dir='ltr'><strong>corpora</strong></span> <span class='ocrx_word' id='word_1_52' title='bbox 731 671 998 733; x_wconf 67' lang='lat' dir='ltr'><strong>sepulturae,</strong></span> <span class='ocrx_word' id='word_1_53' title='bbox 1029 671 1348 736; x_wconf 90' lang='lat' dir='ltr'><strong>cremarique&#39;&#39;</strong></span> <span class='ocrx_word' id='word_1_54' title='bbox 1364 674 1584 736; x_wconf 85' lang='lat' dir='ltr'><strong>permisit.</strong></span> 
     </span>
     <span class='ocr_line' id='line_1_8' title="bbox 47 746 1598 807; baseline 0.003 -14"><span class='ocrx_word' id='word_1_55' title='bbox 47 746 260 794; x_wconf 88' lang='lat' dir='ltr'><strong>Pisonem</strong></span> <span class='ocrx_word' id='word_1_56' title='bbox 301 747 511 794; x_wconf 80' lang='lat' dir='ltr'><strong>Verania³</strong></span> <span class='ocrx_word' id='word_1_57' title='bbox 537 763 676 805; x_wconf 87' lang='lat' dir='ltr'><strong>uxor,</strong></span> <span class='ocrx_word' id='word_1_58' title='bbox 698 764 752 795; x_wconf 88' lang='lat' dir='ltr'><strong>ac</strong></span> <span class='ocrx_word' id='word_1_59' title='bbox 774 746 916 795; x_wconf 81' lang='lat' dir='ltr'><strong>frater</strong></span> <span class='ocrx_word' id='word_1_60' title='bbox 938 747 1281 807; x_wconf 87' lang='lat' dir='ltr'><strong>Scribonianus,</strong></span> <span class='ocrx_word' id='word_1_61' title='bbox 1304 751 1362 796; x_wconf 90' lang='lat' dir='ltr'><strong>T.</strong></span> <span class='ocrx_word' id='word_1_62' title='bbox 1394 749 1598 799; x_wconf 66' lang='lat' dir='ltr'><strong>Vinium›</strong></span> 
     </span>
     <span class='ocr_line' id='line_1_9' title="bbox 48 823 1585 890; baseline 0.002 -18"><span class='ocrx_word' id='word_1_63' title='bbox 48 823 258 887; x_wconf 80' lang='lat' dir='ltr'><strong>Gn&#39;spina</strong></span> <span class='ocrx_word' id='word_1_64' title='bbox 302 825 393 871; x_wconf 77' lang='lat' dir='ltr'><strong>filia</strong></span> <span class='ocrx_word' id='word_1_65' title='bbox 417 840 735 887; x_wconf 88' lang='lat' dir='ltr'><strong>composuere,</strong></span> <span class='ocrx_word' id='word_1_66' title='bbox 759 824 960 888; x_wconf 83' lang='lat' dir='ltr'><strong>quaesitis</strong></span> <span class='ocrx_word' id='word_1_67' title='bbox 981 824 1291 890; x_wconf 87' lang='lat' dir='ltr'><strong>redemtisque</strong></span> <span class='ocrx_word' id='word_1_68' title='bbox 1324 826 1585 890; x_wconf 77' lang='lat' dir='ltr'><strong>capitibus,⁴</strong></span> 
     </span>
     <span class='ocr_line' id='line_1_10' title="bbox 48 899 1011 964; baseline 0.002 -17"><span class='ocrx_word' id='word_1_69' title='bbox 48 916 155 964; x_wconf 85' lang='lat' dir='ltr'><strong>quae</strong></span> <span class='ocrx_word' id='word_1_70' title='bbox 176 901 352 949; x_wconf 79' lang='lat' dir='ltr'><strong>venalia</strong></span> <span class='ocrx_word' id='word_1_71' title='bbox 373 899 688 948; x_wconf 86' lang='lat' dir='ltr'><strong>interfectores</strong></span> <span class='ocrx_word' id='word_1_72' title='bbox 708 912 1011 949; x_wconf 85' lang='lat' dir='ltr'><strong>servaverant.</strong></span> 
     </span>
    </p>
   </div>
   <div class='ocr_carea' id='block_1_3' title="bbox 46 1053 1588 1810">
    <p class='ocr_par' dir='ltr' id='par_1_3' title="bbox 46 1053 1588 1810">
     <span class='ocr_line' id='line_1_11' title="bbox 115 1053 1584 1121; baseline 0.003 -21"><span class='ocrx_word' id='word_1_73' title='bbox 115 1060 195 1101; x_wconf 83' lang='lat'><strong>48.</strong></span> <span class='ocrx_word' id='word_1_74' title='bbox 229 1054 347 1102; x_wconf 90' lang='lat' dir='ltr'><strong>P1so</strong></span> <span class='ocrx_word' id='word_1_75' title='bbox 391 1070 537 1100; x_wconf 88' lang='lat' dir='ltr'><strong>unum</strong></span> <span class='ocrx_word' id='word_1_76' title='bbox 575 1064 620 1101; x_wconf 91' lang='lat' dir='ltr'><strong>et</strong></span> <span class='ocrx_word' id='word_1_77' title='bbox 664 1053 947 1102; x_wconf 86' lang='lat' dir='ltr'><strong>tricesimum</strong></span> <span class='ocrx_word' id='word_1_78' title='bbox 982 1054 1125 1103; x_wconf 84' lang='lat' dir='ltr'><strong>aetatis</strong></span> <span class='ocrx_word' id='word_1_79' title='bbox 1155 1071 1330 1121; x_wconf 79' lang='lat' dir='ltr'><strong>annum</strong></span> <span class='ocrx_word' id='word_1_80' title='bbox 1347 1057 1584 1121; x_wconf 87' lang='lat' dir='ltr'><strong>explebat,</strong></span> 
     </span>
     <span class='ocr_line' id='line_1_12' title="bbox 48 1126 1588 1197; baseline 0.004 -21"><span class='ocrx_word' id='word_1_81' title='bbox 48 1126 172 1177; x_wconf 66' lang='lat' dir='ltr'><strong>fama</strong></span> <span class='ocrx_word' id='word_1_82' title='bbox 199 1130 408 1189; x_wconf 85' lang='lat' dir='ltr'><strong>meliore,</strong></span> <span class='ocrx_word' id='word_1_83' title='bbox 449 1130 592 1194; x_wconf 71' lang='lat' dir='ltr'><strong>quam</strong></span> <span class='ocrx_word' id='word_1_84' title='bbox 614 1129 816 1178; x_wconf 67' lang='lat' dir='ltr'><strong>fortuna.</strong></span> <span class='ocrx_word' id='word_1_85' title='bbox 851 1132 1031 1179; x_wconf 86' lang='lat' dir='ltr'><strong>Fratres</strong></span> <span class='ocrx_word' id='word_1_86' title='bbox 1055 1133 1168 1196; x_wconf 86' lang='lat' dir='ltr'><strong>ejus⁵</strong></span> <span class='ocrx_word' id='word_1_87' title='bbox 1193 1134 1424 1197; x_wconf 87' lang='lat' dir='ltr'><strong>Magnum</strong></span> <span class='ocrx_word' id='word_1_88' title='bbox 1447 1134 1588 1182; x_wconf 48' lang='lat' dir='ltr'><strong>Clau*</strong></span> 
     </span>
     <span class='ocr_line' id='line_1_13' title="bbox 48 1202 1586 1273; baseline 0.003 -20"><span class='ocrx_word' id='word_1_89' title='bbox 48 1202 173 1266; x_wconf 65' lang='lat' dir='ltr'><strong>dius,</strong></span> <span class='ocrx_word' id='word_1_90' title='bbox 194 1208 412 1255; x_wconf 85' lang='lat' dir='ltr'><strong>Crassum</strong></span> <span class='ocrx_word' id='word_1_91' title='bbox 427 1208 558 1254; x_wconf 91' lang='lat' dir='ltr'><strong>Nero</strong></span> <span class='ocrx_word' id='word_1_92' title='bbox 576 1206 914 1255; x_wconf 86' lang='lat' dir='ltr'><strong>interfecerant.</strong></span> <span class='ocrx_word' id='word_1_93' title='bbox 983 1209 1086 1272; x_wconf 90' lang='lat' dir='ltr'><strong>Ipse</strong></span> <span class='ocrx_word' id='word_1_94' title='bbox 1101 1209 1179 1256; x_wconf 88' lang='lat' dir='ltr'><strong>diu</strong></span> <span class='ocrx_word' id='word_1_95' title='bbox 1194 1210 1322 1267; x_wconf 89' lang='lat' dir='ltr'><strong>exul,</strong></span> <span class='ocrx_word' id='word_1_96' title='bbox 1339 1210 1586 1273; x_wconf 87' lang='lat' dir='ltr'><strong>quatriduo</strong></span> 
     </span>
     <span class='ocr_line' id='line_1_14' title="bbox 51 1283 1586 1350; baseline 0.003 -20"><span class='ocrx_word' id='word_1_97' title='bbox 51 1284 226 1342; x_wconf 84' lang='lat' dir='ltr'><strong>Caesar,</strong></span> <span class='ocrx_word' id='word_1_98' title='bbox 260 1283 509 1347; x_wconf 62' lang='lat' dir='ltr'><strong>properata</strong></span> <span class='ocrx_word' id='word_1_99' title='bbox 554 1284 816 1347; x_wconf 87' lang='lat' dir='ltr'><strong>adoptione,</strong></span> <span class='ocrx_word' id='word_1_100' title='bbox 852 1286 910 1332; x_wconf 87' lang='lat' dir='ltr'><strong>ad</strong></span> <span class='ocrx_word' id='word_1_101' title='bbox 945 1285 1033 1332; x_wconf 93' lang='lat' dir='ltr'><strong>hoc</strong></span> <span class='ocrx_word' id='word_1_102' title='bbox 1064 1286 1251 1334; x_wconf 71' lang='lat' dir='ltr'><strong>tantum</strong></span> <span class='ocrx_word' id='word_1_103' title='bbox 1273 1286 1433 1350; x_wconf 87' lang='lat' dir='ltr'><strong>majori</strong></span> <span class='ocrx_word' id='word_1_104' title='bbox 1455 1285 1586 1334; x_wconf 88' lang='lat' dir='ltr'><strong>fratri</strong></span> 
     </span>
     <span class='ocr_line' id='line_1_15' title="bbox 48 1360 1586 1428; baseline 0.003 -21"><span class='ocrx_word' id='word_1_105' title='bbox 48 1360 264 1422; x_wconf 79' lang='lat' dir='ltr'><strong>pra-:latus</strong></span> <span class='ocrx_word' id='word_1_106' title='bbox 287 1372 371 1419; x_wconf 86' lang='lat' dir='ltr'><strong>est,</strong></span> <span class='ocrx_word' id='word_1_107' title='bbox 394 1373 446 1408; x_wconf 93' lang='lat' dir='ltr'><strong>ut</strong></span> <span class='ocrx_word' id='word_1_108' title='bbox 462 1361 590 1423; x_wconf 87' lang='lat' dir='ltr'><strong>prior</strong></span> <span class='ocrx_word' id='word_1_109' title='bbox 611 1361 914 1408; x_wconf 88' lang='lat' dir='ltr'><strong>occideretur.</strong></span> <span class='ocrx_word' id='word_1_110' title='bbox 983 1364 1043 1410; x_wconf 92' lang='lat' dir='ltr'><strong>T.</strong></span> <span class='ocrx_word' id='word_1_111' title='bbox 1068 1362 1231 1410; x_wconf 88' lang='lat' dir='ltr'><strong>Vinius</strong></span> <span class='ocrx_word' id='word_1_112' title='bbox 1253 1363 1586 1428; x_wconf 88' lang='lat' dir='ltr'><strong>quinquaginta</strong></span> 
     </span>
     <span class='ocr_line' id='line_1_16' title="bbox 46 1436 1585 1503; baseline 0.003 -21"><span class='ocrx_word' id='word_1_113' title='bbox 46 1447 221 1499; x_wconf 90' lang='lat' dir='ltr'><strong>septem</strong></span> <span class='ocrx_word' id='word_1_114' title='bbox 266 1453 410 1484; x_wconf 90' lang='lat' dir='ltr'><strong>annos</strong></span> <span class='ocrx_word' id='word_1_115' title='bbox 443 1436 577 1484; x_wconf 84' lang='lat' dir='ltr'><strong>variis</strong></span> <span class='ocrx_word' id='word_1_116' title='bbox 605 1437 812 1485; x_wconf 90' lang='lat' dir='ltr'><strong>moribus</strong></span> <span class='ocrx_word' id='word_1_117' title='bbox 853 1438 961 1503; x_wconf 88' lang='lat' dir='ltr'><strong>egit.</strong></span> <span class='ocrx_word' id='word_1_118' title='bbox 1030 1440 1166 1486; x_wconf 88' lang='lat' dir='ltr'><strong>Pater</strong></span> <span class='ocrx_word' id='word_1_119' title='bbox 1209 1439 1273 1487; x_wconf 92' lang='lat' dir='ltr'><strong>illi</strong></span> <span class='ocrx_word' id='word_1_120' title='bbox 1306 1439 1332 1486; x_wconf 74' lang='grc' dir='ltr'>ὲ</span> <span class='ocrx_word' id='word_1_121' title='bbox 1367 1440 1585 1502; x_wconf 66' lang='lat' dir='ltr'><strong>praetoria</strong></span> 
     </span>
     <span class='ocr_line' id='line_1_17' title="bbox 49 1511 1584 1578; baseline 0.003 -20"><span class='ocrx_word' id='word_1_122' title='bbox 49 1511 237 1571; x_wconf 64' lang='lat' dir='ltr'><strong>familia,</strong></span> <span class='ocrx_word' id='word_1_123' title='bbox 252 1526 484 1561; x_wconf 88' lang='lat' dir='ltr'><strong>maternus</strong></span> <span class='ocrx_word' id='word_1_124' title='bbox 508 1530 620 1561; x_wconf 88' lang='lat' dir='ltr'><strong>avus</strong></span> <span class='ocrx_word' id='word_1_125' title='bbox 642 1513 668 1560; x_wconf 80' lang='grc' dir='ltr'>ὲ</span> <span class='ocrx_word' id='word_1_126' title='bbox 693 1514 972 1578; x_wconf 86' lang='lat' dir='ltr'><strong>proscriptis.</strong></span> <span class='ocrx_word' id='word_1_127' title='bbox 1006 1514 1164 1563; x_wconf 68' lang='lat' dir='ltr'><strong>Prima</strong></span> <span class='ocrx_word' id='word_1_128' title='bbox 1186 1512 1364 1563; x_wconf 62' lang='lat' dir='ltr'><strong>militia⁶</strong></span> <span class='ocrx_word' id='word_1_129' title='bbox 1385 1515 1584 1575; x_wconf 89' lang='lat' dir='ltr'><strong>infamis,</strong></span> 
     </span>
     <span class='ocr_line' id='line_1_18' title="bbox 49 1589 1587 1658; baseline 0.004 -23"><span class='ocrx_word' id='word_1_130' title='bbox 49 1589 251 1654; x_wconf 85' lang='lat' dir='ltr'><strong>legatum</strong></span> <span class='ocrx_word' id='word_1_131' title='bbox 276 1589 529 1638; x_wconf 89' lang='lat' dir='ltr'><strong>Calvisium</strong></span> <span class='ocrx_word' id='word_1_132' title='bbox 565 1591 787 1639; x_wconf 90' lang='lat' dir='ltr'><strong>Sabinum</strong></span> <span class='ocrx_word' id='word_1_133' title='bbox 805 1596 820 1621; x_wconf 92' lang='lat'>⁷</span> <span class='ocrx_word' id='word_1_134' title='bbox 844 1593 1064 1654; x_wconf 88' lang='lat' dir='ltr'><strong>habuerat</strong></span> <span class='ocrx_word' id='word_1_135' title='bbox 1085 1610 1097 1640; x_wconf 92' lang='lat'>:</span> <span class='ocrx_word' id='word_1_136' title='bbox 1134 1595 1265 1658; x_wconf 87' lang='lat' dir='ltr'><strong>cujus</strong></span> <span class='ocrx_word' id='word_1_137' title='bbox 1288 1609 1427 1651; x_wconf 86' lang='lat' dir='ltr'><strong>uxor,</strong></span> <span class='ocrx_word' id='word_1_138' title='bbox 1463 1593 1587 1641; x_wconf 64' lang='lat' dir='ltr'><strong>mala</strong></span> 
     </span>
     <span class='ocr_line' id='line_1_19' title="bbox 49 1665 1586 1733; baseline 0.003 -21"><span class='ocrx_word' id='word_1_139' title='bbox 49 1665 261 1731; x_wconf 89' lang='lat' dir='ltr'><strong>cupidine</strong></span> <span class='ocrx_word' id='word_1_140' title='bbox 305 1665 478 1714; x_wconf 89' lang='lat' dir='ltr'><strong>visendi</strong></span> <span class='ocrx_word' id='word_1_141' title='bbox 533 1667 672 1715; x_wconf 87' lang='lat' dir='ltr'><strong>situm</strong></span> <span class='ocrx_word' id='word_1_142' title='bbox 717 1679 992 1727; x_wconf 88' lang='lat' dir='ltr'><strong>castrorum,</strong></span> <span class='ocrx_word' id='word_1_143' title='bbox 1035 1687 1120 1733; x_wconf 91' lang='lat' dir='ltr'><strong>per</strong></span> <span class='ocrx_word' id='word_1_144' title='bbox 1164 1681 1351 1718; x_wconf 91' lang='lat' dir='ltr'><strong>noctem</strong></span> <span class='ocrx_word' id='word_1_145' title='bbox 1402 1669 1586 1717; x_wconf 88' lang='lat' dir='ltr'><strong>militari</strong></span> 
     </span>
     <span class='ocr_line' id='line_1_20' title="bbox 47 1741 1584 1810; baseline 0.001 -19"><span class='ocrx_word' id='word_1_146' title='bbox 47 1741 203 1791; x_wconf 53' lang='lat' dir='ltr'><strong>habitu</strong></span> <span class='ocrx_word' id='word_1_147' title='bbox 226 1741 445 1807; x_wconf 83' lang='lat' dir='ltr'><strong>ingressa,</strong></span> <span class='ocrx_word' id='word_1_148' title='bbox 467 1744 581 1793; x_wconf 72' lang='lat' dir='ltr'><strong>cum</strong></span> <span class='ocrx_word' id='word_1_149' title='bbox 606 1744 780 1810; x_wconf 85' lang='lat' dir='ltr'><strong>vigilias</strong></span> <span class='ocrx_word' id='word_1_150' title='bbox 802 1757 846 1793; x_wconf 90' lang='lat' dir='ltr'><strong>et</strong></span> <span class='ocrx_word' id='word_1_151' title='bbox 869 1757 1021 1793; x_wconf 87' lang='lat' dir='ltr'><strong>cetera</strong></span> <span class='ocrx_word' id='word_1_152' title='bbox 1044 1745 1218 1794; x_wconf 81' lang='lat' dir='ltr'><strong>militiae</strong></span> <span class='ocrx_word' id='word_1_153' title='bbox 1241 1746 1397 1794; x_wconf 87' lang='lat' dir='ltr'><strong>munia</strong></span> <span class='ocrx_word' id='word_1_154' title='bbox 1420 1745 1584 1794; x_wconf 62' lang='lat' dir='ltr'><strong>eadem</strong></span> 
     </span>
    </p>
   </div>
   <div class='ocr_carea' id='block_1_4' title="bbox 42 1956 780 2599">
    <p class='ocr_par' dir='ltr' id='par_1_4' title="bbox 50 1956 776 2062">
     <span class='ocr_line' id='line_1_21' title="bbox 104 1956 776 2012; baseline 0.009 -16"><span class='ocrx_word' id='word_1_155' title='bbox 104 1956 116 1973; x_wconf 90' lang='lat'>¹</span> <span class='ocrx_word' id='word_1_156' title='bbox 147 1959 197 1996; x_wconf 84' lang='lat' dir='ltr'><strong>In</strong></span> <span class='ocrx_word' id='word_1_157' title='bbox 221 1958 457 2010; x_wconf 82' lang='lat' dir='ltr'><strong>Capitolium.</strong></span> <span class='ocrx_word' id='word_1_158' title='bbox 481 1961 533 1998; x_wconf 90' lang='lat' dir='ltr'><strong>Ut</strong></span> <span class='ocrx_word' id='word_1_159' title='bbox 552 1969 672 2012; x_wconf 83' lang='lat' dir='ltr'><strong>grates</strong></span> <span class='ocrx_word' id='word_1_160' title='bbox 690 1964 776 2002; x_wconf 76' lang='lat' dir='ltr'><strong>,lovi</strong></span> 
     </span>
     <span class='ocr_line' id='line_1_22' title="bbox 50 2012 427 2062; baseline 0.003 -12"><span class='ocrx_word' id='word_1_161' title='bbox 50 2012 270 2061; x_wconf 85' lang='lat' dir='ltr'><strong>Capitolino</strong></span> <span class='ocrx_word' id='word_1_162' title='bbox 289 2023 427 2062; x_wconf 77' lang='lat' dir='ltr'><strong>ageret.</strong></span> 
     </span>
    </p>

    <p class='ocr_par' dir='ltr' id='par_1_5' title="bbox 42 2063 779 2540">
     <span class='ocr_line' id='line_1_23' title="bbox 101 2063 779 2120; baseline 0.007 -17"><span class='ocrx_word' id='word_1_163' title='bbox 101 2063 120 2080; x_wconf 85' lang='lat'><em>²</em></span> <span class='ocrx_word' id='word_1_164' title='bbox 145 2065 197 2103; x_wconf 82' lang='lat' dir='ltr'><strong>Iu</strong></span> <span class='ocrx_word' id='word_1_165' title='bbox 208 2067 402 2116; x_wconf 82' lang='lat' dir='ltr'><strong>palatium.</strong></span> <span class='ocrx_word' id='word_1_166' title='bbox 436 2067 606 2106; x_wconf 85' lang='lat' dir='ltr'><strong>Domum</strong></span> <span class='ocrx_word' id='word_1_167' title='bbox 625 2071 779 2120; x_wconf 84' lang='lat' dir='ltr'><strong>Augus-</strong></span> 
     </span>
     <span class='ocr_line' id='line_1_24' title="bbox 50 2119 778 2174; baseline 0.007 -18"><span class='ocrx_word' id='word_1_168' title='bbox 50 2124 141 2157; x_wconf 83' lang='lat' dir='ltr'><strong>tam.</strong></span> <span class='ocrx_word' id='word_1_169' title='bbox 156 2119 286 2157; x_wconf 82' lang='lat' dir='ltr'><strong>Prima</strong></span> <span class='ocrx_word' id='word_1_170' title='bbox 304 2120 385 2157; x_wconf 84' lang='lat' dir='ltr'><strong>haec</strong></span> <span class='ocrx_word' id='word_1_171' title='bbox 407 2120 570 2158; x_wconf 85' lang='lat' dir='ltr'><strong>Othonis</strong></span> <span class='ocrx_word' id='word_1_172' title='bbox 592 2123 778 2174; x_wconf 84' lang='lat' dir='ltr'><strong>Principis</strong></span> 
     </span>
     <span class='ocr_line' id='line_1_25' title="bbox 50 2173 776 2223; baseline 0.008 -14"><span class='ocrx_word' id='word_1_173' title='bbox 50 2180 220 2223; x_wconf 79' lang='lat' dir='ltr'><strong>tempora</strong></span> <span class='ocrx_word' id='word_1_174' title='bbox 236 2173 401 2211; x_wconf 83' lang='lat' dir='ltr'><strong>illustrat</strong></span> <span class='ocrx_word' id='word_1_175' title='bbox 420 2174 524 2211; x_wconf 87' lang='lat' dir='ltr'><strong>Suet.</strong></span> <span class='ocrx_word' id='word_1_176' title='bbox 538 2176 576 2211; x_wconf 88' lang='lat' dir='ltr'><strong>in</strong></span> <span class='ocrx_word' id='word_1_177' title='bbox 591 2175 684 2214; x_wconf 84' lang='lat' dir='ltr'><strong>Oth.</strong></span> <span class='ocrx_word' id='word_1_178' title='bbox 698 2189 776 2215; x_wconf 84' lang='lat' dir='ltr'><strong>vn.</strong></span> 
     </span>
     <span class='ocr_line' id='line_1_26' title="bbox 54 2224 779 2278; baseline 0.008 -16"><span class='ocrx_word' id='word_1_179' title='bbox 54 2224 238 2276; x_wconf 79' lang='lat' dir='ltr'><strong>Vergente</strong></span> <span class='ocrx_word' id='word_1_180' title='bbox 257 2230 344 2277; x_wconf 80' lang='lat' dir='ltr'><strong>jczm</strong></span> <span class='ocrx_word' id='word_1_181' title='bbox 369 2227 428 2264; x_wconf 85' lang='lat' dir='ltr'><strong>die</strong></span> <span class='ocrx_word' id='word_1_182' title='bbox 463 2226 654 2278; x_wconf 82' lang='lat' dir='ltr'><strong>ingressus</strong></span> <span class='ocrx_word' id='word_1_183' title='bbox 674 2243 779 2268; x_wconf 81' lang='lat' dir='ltr'><strong>sena-</strong></span> 
     </span>
     <span class='ocr_line' id='line_1_27' title="bbox 49 2280 777 2334; baseline 0.007 -18"><span class='ocrx_word' id='word_1_184' title='bbox 49 2284 140 2323; x_wconf 81' lang='lat' dir='ltr'><strong>tum,</strong></span> <span class='ocrx_word' id='word_1_185' title='bbox 152 2280 347 2330; x_wconf 64' lang='lat' dir='ltr'><strong>positdque</strong></span> <span class='ocrx_word' id='word_1_186' title='bbox 365 2280 467 2318; x_wconf 79' lang='lat' dir='ltr'><strong>brevi</strong></span> <span class='ocrx_word' id='word_1_187' title='bbox 497 2282 654 2328; x_wconf 85' lang='lat' dir='ltr'><strong>ratione,</strong></span> <span class='ocrx_word' id='word_1_188' title='bbox 672 2284 777 2334; x_wconf 84' lang='lat' dir='ltr'><strong>quasi</strong></span> 
     </span>
     <span class='ocr_line' id='line_1_28' title="bbox 49 2334 778 2385; baseline 0.007 -16"><span class='ocrx_word' id='word_1_189' title='bbox 49 2338 180 2381; x_wconf 80' lang='lat' dir='ltr'><strong>raptus</strong></span> <span class='ocrx_word' id='word_1_190' title='bbox 212 2334 257 2370; x_wconf 86' lang='lat' dir='ltr'><strong>de</strong></span> <span class='ocrx_word' id='word_1_191' title='bbox 278 2334 436 2382; x_wconf 80' lang='lat' dir='ltr'><strong>publico,</strong></span> <span class='ocrx_word' id='word_1_192' title='bbox 455 2339 491 2371; x_wconf 78' lang='lat' dir='ltr'><strong>et</strong></span> <span class='ocrx_word' id='word_1_193' title='bbox 510 2335 695 2385; x_wconf 76' lang='lat' dir='ltr'><strong>suscipere</strong></span> <span class='ocrx_word' id='word_1_194' title='bbox 713 2337 778 2374; x_wconf 82' lang='lat' dir='ltr'><strong>im-</strong></span> 
     </span>
     <span class='ocr_line' id='line_1_29' title="bbox 42 2386 777 2439; baseline 0.01 -18"><span class='ocrx_word' id='word_1_195' title='bbox 42 2386 187 2434; x_wconf 84' lang='lat' dir='ltr'><strong>perium</strong></span> <span class='ocrx_word' id='word_1_196' title='bbox 201 2386 413 2430; x_wconf 69' lang='lat' dir='ltr'><strong>vivendus,</strong></span> <span class='ocrx_word' id='word_1_197' title='bbox 424 2393 670 2439; x_wconf 78' lang='lat' dir='ltr'><strong>gesturusque</strong></span> <span class='ocrx_word' id='word_1_198' title='bbox 682 2403 777 2428; x_wconf 85' lang='lat' dir='ltr'><strong>com-</strong></span> 
     </span>
     <span class='ocr_line' id='line_1_30' title="bbox 50 2438 777 2492; baseline 0.01 -18"><span class='ocrx_word' id='word_1_199' title='bbox 50 2438 152 2475; x_wconf 83' lang='lat' dir='ltr'><strong>muni</strong></span> <span class='ocrx_word' id='word_1_200' title='bbox 186 2441 343 2478; x_wconf 86' lang='lat' dir='ltr'><strong>omnium</strong></span> <span class='ocrx_word' id='word_1_201' title='bbox 391 2440 563 2489; x_wconf 80' lang='lat' dir='ltr'><strong>arbitrio,</strong></span> <span class='ocrx_word' id='word_1_202' title='bbox 593 2444 777 2492; x_wconf 80' lang='lat' dir='ltr'><strong>palatium</strong></span> 
     </span>
     <span class='ocr_line' id='line_1_31' title="bbox 48 2491 690 2540; baseline 0.009 -13"><span class='ocrx_word' id='word_1_203' title='bbox 48 2491 160 2540; x_wconf 81' lang='lat' dir='ltr'><strong>petit.</strong></span> <span class='ocrx_word' id='word_1_204' title='bbox 685 2535 690 2539; x_wconf 64' lang='grc'><strong>,</strong></span> 
     </span>
    </p>

    <p class='ocr_par' dir='ltr' id='par_1_6' title="bbox 106 2541 780 2599">
     <span class='ocr_line' id='line_1_32' title="bbox 106 2541 780 2599; baseline 0.007 -18"><span class='ocrx_word' id='word_1_205' title='bbox 106 2541 120 2562; x_wconf 81' lang='lat'>³</span> <span class='ocrx_word' id='word_1_206' title='bbox 154 2544 329 2583; x_wconf 79' lang='lat' dir='ltr'><strong>Verania.</strong></span> <span class='ocrx_word' id='word_1_207' title='bbox 362 2546 566 2584; x_wconf 76' lang='lat' dir='ltr'><strong>Veraniam</strong></span> <span class='ocrx_word' id='word_1_208' title='bbox 602 2549 780 2599; x_wconf 69' lang='lat' dir='ltr'><strong>precibus</strong></span> 
     </span>
    </p>
   </div>
   <div class='ocr_carea' id='block_1_5' title="bbox 850 1964 1590 2544">
    <p class='ocr_par' dir='ltr' id='par_1_7' title="bbox 852 1964 1390 2016">
     <span class='ocr_line' id='line_1_33' title="bbox 852 1964 1390 2016; baseline 0.006 -15"><span class='ocrx_word' id='word_1_209' title='bbox 852 1964 939 2002; x_wconf 89' lang='lat' dir='ltr'><strong>vide</strong></span> <span class='ocrx_word' id='word_1_210' title='bbox 958 1966 1140 2013; x_wconf 85' lang='lat' dir='ltr'><strong>Plinium,</strong></span> <span class='ocrx_word' id='word_1_211' title='bbox 1160 1966 1235 2016; x_wconf 85' lang='lat' dir='ltr'><strong>Ep.</strong></span> <span class='ocrx_word' id='word_1_212' title='bbox 1256 1979 1305 2004; x_wconf 88' lang='lat'><strong>11.</strong></span> <span class='ocrx_word' id='word_1_213' title='bbox 1325 1971 1390 2005; x_wconf 73' lang='lat'><strong>20.</strong></span> 
     </span>
    </p>

    <p class='ocr_par' dir='ltr' id='par_1_8' title="bbox 855 2017 1586 2282">
     <span class='ocr_line' id='line_1_34' title="bbox 909 2017 1586 2071; baseline 0.004 -15"><span class='ocrx_word' id='word_1_214' title='bbox 909 2017 930 2040; x_wconf 71' lang='lat'><strong>⁴</strong></span> <span class='ocrx_word' id='word_1_215' title='bbox 957 2019 1219 2070; x_wconf 79' lang='lat' dir='ltr'><strong>Redemtisque</strong></span> <span class='ocrx_word' id='word_1_216' title='bbox 1249 2021 1444 2071; x_wconf 80' lang='lat' dir='ltr'><strong>capitibus.</strong></span> <span class='ocrx_word' id='word_1_217' title='bbox 1480 2021 1586 2060; x_wconf 62' lang='lat' dir='ltr'><strong>Viuit</strong></span> 
     </span>
     <span class='ocr_line' id='line_1_35' title="bbox 855 2073 1586 2123; baseline 0.005 -14"><span class='ocrx_word' id='word_1_218' title='bbox 855 2080 976 2123; x_wconf 89' lang='lat' dir='ltr'><strong>caput</strong></span> <span class='ocrx_word' id='word_1_219' title='bbox 993 2073 1073 2111; x_wconf 83' lang='lat' dir='ltr'><strong>filia</strong></span> <span class='ocrx_word' id='word_1_220' title='bbox 1103 2074 1186 2122; x_wconf 84' lang='lat' dir='ltr'><strong>ejus</strong></span> <span class='ocrx_word' id='word_1_221' title='bbox 1205 2073 1382 2123; x_wconf 86' lang='lat' dir='ltr'><strong>Crispina</strong></span> <span class='ocrx_word' id='word_1_222' title='bbox 1415 2076 1586 2121; x_wconf 78' lang='lat' dir='ltr'><strong>redemit,</strong></span> 
     </span>
     <span class='ocr_line' id='line_1_36' title="bbox 855 2125 1585 2179; baseline 0.007 -17"><span class='ocrx_word' id='word_1_223' title='bbox 855 2125 987 2163; x_wconf 88' lang='lat' dir='ltr'><strong>decem</strong></span> <span class='ocrx_word' id='word_1_224' title='bbox 1021 2126 1190 2164; x_wconf 89' lang='lat' dir='ltr'><strong>millibus</strong></span> <span class='ocrx_word' id='word_1_225' title='bbox 1210 2127 1435 2173; x_wconf 61' lang='lat' dir='ltr'><strong>sestertium,</strong></span> <span class='ocrx_word' id='word_1_226' title='bbox 1467 2130 1585 2179; x_wconf 81' lang='lat' dir='ltr'><em>Angl.</em></span> 
     </span>
     <span class='ocr_line' id='line_1_37' title="bbox 855 2176 1586 2221; baseline 0.008 -6"><span class='ocrx_word' id='word_1_227' title='bbox 855 2178 935 2216; x_wconf 86' lang='lat' dir='ltr'><strong>83l.</strong></span> <span class='ocrx_word' id='word_1_228' title='bbox 969 2176 1026 2217; x_wconf 66' lang='lat'><strong>6³.</strong></span> <span class='ocrx_word' id='word_1_229' title='bbox 1063 2181 1127 2217; x_wconf 69' lang='lat'><strong>821.</strong></span> <span class='ocrx_word' id='word_1_230' title='bbox 1167 2189 1259 2217; x_wconf 88' lang='lat' dir='ltr'><strong>teste</strong></span> <span class='ocrx_word' id='word_1_231' title='bbox 1304 2181 1513 2219; x_wconf 87' lang='lat' dir='ltr'><strong>Plutarcho</strong></span> <span class='ocrx_word' id='word_1_232' title='bbox 1546 2185 1586 2221; x_wconf 84' lang='lat' dir='ltr'><strong>in</strong></span> 
     </span>
     <span class='ocr_line' id='line_1_38' title="bbox 857 2226 1199 2282; baseline 0.003 -12"><span class='ocrx_word' id='word_1_233' title='bbox 857 2231 1000 2278; x_wconf 63' lang='lat' dir='ltr'><strong>Galba,</strong></span> <span class='ocrx_word' id='word_1_234' title='bbox 1017 2245 1055 2282; x_wconf 88' lang='lat' dir='ltr'><strong>p.</strong></span> <span class='ocrx_word' id='word_1_235' title='bbox 1082 2226 1199 2271; x_wconf 86' lang='grc'><strong>1066.</strong></span> 
     </span>
    </p>

    <p class='ocr_par' dir='ltr' id='par_1_9' title="bbox 850 2283 1588 2432">
     <span class='ocr_line' id='line_1_39' title="bbox 909 2283 1585 2337; baseline 0.01 -15"><span class='ocrx_word' id='word_1_236' title='bbox 909 2283 922 2305; x_wconf 85' lang='lat'><em>⁵</em></span> <span class='ocrx_word' id='word_1_237' title='bbox 959 2286 1117 2323; x_wconf 79' lang='lat' dir='ltr'><strong>Fratres</strong></span> <span class='ocrx_word' id='word_1_238' title='bbox 1147 2289 1241 2337; x_wconf 71' lang='lat' dir='ltr'><strong>ejus.</strong></span> <span class='ocrx_word' id='word_1_239' title='bbox 1311 2287 1373 2324; x_wconf 88' lang='lat' dir='ltr'><strong>De</strong></span> <span class='ocrx_word' id='word_1_240' title='bbox 1407 2287 1464 2325; x_wconf 87' lang='lat' dir='ltr'><strong>his</strong></span> <span class='ocrx_word' id='word_1_241' title='bbox 1501 2290 1585 2329; x_wconf 79' lang='lat' dir='ltr'><strong>vide</strong></span> 
     </span>
     <span class='ocr_line' id='line_1_40' title="bbox 854 2338 1588 2385; baseline 0.011 -10"><span class='ocrx_word' id='word_1_242' title='bbox 854 2338 1022 2376; x_wconf 83' lang='lat' dir='ltr'><strong>Stemma</strong></span> <span class='ocrx_word' id='word_1_243' title='bbox 1050 2339 1177 2377; x_wconf 82' lang='lat' dir='ltr'><strong>Crassi</strong></span> <span class='ocrx_word' id='word_1_244' title='bbox 1205 2352 1251 2376; x_wconf 87' lang='lat' dir='ltr'><strong>ac</strong></span> <span class='ocrx_word' id='word_1_245' title='bbox 1275 2339 1419 2378; x_wconf 87' lang='lat' dir='ltr'><strong>Pisonis</strong></span> <span class='ocrx_word' id='word_1_246' title='bbox 1438 2341 1477 2379; x_wconf 89' lang='lat' dir='ltr'><strong>in</strong></span> <span class='ocrx_word' id='word_1_247' title='bbox 1508 2354 1588 2385; x_wconf 86' lang='lat' dir='ltr'><strong>not.</strong></span> 
     </span>
     <span class='ocr_line' id='line_1_41' title="bbox 850 2392 1370 2432; baseline 0.008 -4"><span class='ocrx_word' id='word_1_248' title='bbox 850 2398 886 2429; x_wconf 86' lang='lat' dir='ltr'><strong>et</strong></span> <span class='ocrx_word' id='word_1_249' title='bbox 904 2393 1050 2430; x_wconf 87' lang='lat' dir='ltr'><strong>emend.</strong></span> <span class='ocrx_word' id='word_1_250' title='bbox 1068 2393 1116 2430; x_wconf 84' lang='lat' dir='ltr'><strong>ad</strong></span> <span class='ocrx_word' id='word_1_251' title='bbox 1139 2392 1238 2430; x_wconf 85' lang='lat' dir='ltr'><strong>Hist.</strong></span> <span class='ocrx_word' id='word_1_252' title='bbox 1257 2404 1287 2429; x_wconf 90' lang='lat'><strong>1.</strong></span> <span class='ocrx_word' id='word_1_253' title='bbox 1309 2399 1370 2432; x_wconf 80' lang='lat'><strong>14.</strong></span> 
     </span>
    </p>

    <p class='ocr_par' dir='ltr' id='par_1_10' title="bbox 907 2441 1547 2490">
     <span class='ocr_line' id='line_1_42' title="bbox 907 2441 1547 2490; baseline 0.011 -8"><span class='ocrx_word' id='word_1_254' title='bbox 907 2441 924 2462; x_wconf 83' lang='lat'><strong>⁶</strong></span> <span class='ocrx_word' id='word_1_255' title='bbox 952 2445 1084 2483; x_wconf 74' lang='lat' dir='ltr'><strong>Prima</strong></span> <span class='ocrx_word' id='word_1_256' title='bbox 1103 2445 1253 2484; x_wconf 68' lang='lat' dir='ltr'><strong>vreilz&#39;tz&#39;d.</strong></span> <span class='ocrx_word' id='word_1_257' title='bbox 1272 2447 1315 2483; x_wconf 91' lang='lat' dir='ltr'><strong>In</strong></span> <span class='ocrx_word' id='word_1_258' title='bbox 1337 2447 1547 2490; x_wconf 67' lang='lat' dir='ltr'><strong>Pannonis.</strong></span> 
     </span>
    </p>

    <p class='ocr_par' dir='ltr' id='par_1_11' title="bbox 909 2495 1590 2544">
     <span class='ocr_line' id='line_1_43' title="bbox 909 2495 1590 2544; baseline 0.001 -9"><span class='ocrx_word' id='word_1_259' title='bbox 909 2495 925 2518; x_wconf 91' lang='lat'>⁷</span> <span class='ocrx_word' id='word_1_260' title='bbox 955 2497 1155 2537; x_wconf 78' lang='lat' dir='ltr'><strong>Calvisium</strong></span> <span class='ocrx_word' id='word_1_261' title='bbox 1187 2498 1375 2537; x_wconf 81' lang='lat' dir='ltr'><strong>Sabinum.</strong></span> <span class='ocrx_word' id='word_1_262' title='bbox 1410 2502 1469 2539; x_wconf 86' lang='lat' dir='ltr'><strong>De</strong></span> <span class='ocrx_word' id='word_1_263' title='bbox 1500 2505 1590 2544; x_wconf 80' lang='lat' dir='ltr'><strong>Cal..</strong></span> 
     </span>
    </p>
   </div>
   <div class='ocr_carea' id='block_1_6' title="bbox 856 2551 1590 2603">
    <p class='ocr_par' dir='ltr' id='par_1_12' title="bbox 856 2551 1590 2603">
     <span class='ocr_line' id='line_1_44' title="bbox 856 2551 1590 2603; baseline 0.004 -16"><span class='ocrx_word' id='word_1_264' title='bbox 856 2551 1124 2590; x_wconf 80' lang='lat' dir='ltr'><strong>visio.Sabin0</strong></span> <span class='ocrx_word' id='word_1_265' title='bbox 1155 2553 1314 2603; x_wconf 84' lang='lat' dir='ltr'><strong>ejusque</strong></span> <span class='ocrx_word' id='word_1_266' title='bbox 1344 2567 1463 2592; x_wconf 81' lang='lat' dir='ltr'><strong>uxore</strong></span> <span class='ocrx_word' id='word_1_267' title='bbox 1497 2559 1590 2596; x_wconf 79' lang='lat' dir='ltr'><strong>Cor-</strong></span> 
     </span>
    </p>
   </div>
   <div class='ocr_carea' id='block_1_7' title="bbox 53 2598 1588 2656">
    <p class='ocr_par' dir='ltr' id='par_1_13' title="bbox 53 2598 1588 2656">
     <span class='ocr_line' id='line_1_45' title="bbox 53 2598 1588 2656; baseline 0.011 -22"><span class='ocrx_word' id='word_1_268' title='bbox 53 2604 174 2648; x_wconf 86' lang='lat' dir='ltr'><strong>caput</strong></span> <span class='ocrx_word' id='word_1_269' title='bbox 219 2598 365 2636; x_wconf 80' lang='lat' dir='ltr'><strong>Pisonis</strong></span> <span class='ocrx_word' id='word_1_270' title='bbox 396 2601 586 2651; x_wconf 78' lang='lat' dir='ltr'><strong>accepisse</strong></span> <span class='ocrx_word' id='word_1_271' title='bbox 624 2598 783 2639; x_wconf 69' lang='lat' dir='ltr'><strong>testatur</strong></span> <span class='ocrx_word' id='word_1_272' title='bbox 855 2603 958 2641; x_wconf 62' lang='lat' dir='ltr'><strong>neliae‘i</strong></span> <span class='ocrx_word' id='word_1_273' title='bbox 980 2607 1063 2649; x_wconf 81' lang='lat' dir='ltr'><strong>vide</strong></span> <span class='ocrx_word' id='word_1_274' title='bbox 1083 2606 1222 2656; x_wconf 86' lang='lat' dir='ltr'><strong>Suppl.</strong></span> <span class='ocrx_word' id='word_1_275' title='bbox 1245 2607 1383 2644; x_wconf 79' lang='lat' dir='ltr'><strong>Annal.</strong></span> <span class='ocrx_word' id='word_1_276' title='bbox 1406 2620 1505 2648; x_wconf 79' lang='lat' dir='ltr'><strong>vul.</strong></span> <span class='ocrx_word' id='word_1_277' title='bbox 1526 2611 1588 2651; x_wconf 87' lang='grc'><strong>16.</strong></span> 
     </span>
    </p>
   </div>
   <div class='ocr_carea' id='block_1_8' title="bbox 54 2650 793 2971">
    <p class='ocr_par' dir='ltr' id='par_1_14' title="bbox 54 2650 793 2971">
     <span class='ocr_line' id='line_1_46' title="bbox 54 2650 784 2705; baseline 0.008 -18"><span class='ocrx_word' id='word_1_278' title='bbox 54 2650 287 2688; x_wconf 78' lang='lat' dir='ltr'><strong>Plutarchus</strong></span> <span class='ocrx_word' id='word_1_279' title='bbox 337 2653 374 2689; x_wconf 90' lang='lat' dir='ltr'><strong>in</strong></span> <span class='ocrx_word' id='word_1_280' title='bbox 423 2653 566 2699; x_wconf 62' lang='lat' dir='ltr'><strong>Galba,</strong></span> <span class='ocrx_word' id='word_1_281' title='bbox 603 2669 640 2705; x_wconf 92' lang='lat' dir='ltr'><strong>p.</strong></span> <span class='ocrx_word' id='word_1_282' title='bbox 668 2652 784 2693; x_wconf 86' lang='lat'><strong>1066.</strong></span> 
     </span>
     <span class='ocr_line' id='line_1_47' title="bbox 55 2699 788 2755; baseline 0.008 -16"><span class='ocrx_word' id='word_1_283' title='bbox 55 2703 121 2742; x_wconf 69' lang='lat' dir='ltr'><strong>&#39;rin</strong></span> <span class='ocrx_word' id='word_1_284' title='bbox 138 2699 170 2740; x_wconf 65' lang='grc' dir='ltr'><strong>δὲ</strong></span> <span class='ocrx_word' id='word_1_285' title='bbox 191 2703 346 2746; x_wconf 66' lang='grc' dir='ltr'><strong>Πείσωνος</strong></span> <span class='ocrx_word' id='word_1_286' title='bbox 364 2707 540 2755; x_wconf 61' lang='grc' dir='ltr'><strong>(κεφαλὴν)</strong></span> <span class='ocrx_word' id='word_1_287' title='bbox 553 2707 569 2747; x_wconf 73' lang='grc' dir='ltr'><strong><em>ᾖ</em></strong></span> <span class='ocrx_word' id='word_1_288' title='bbox 581 2707 660 2753; x_wconf 59' lang='lat' dir='ltr'><strong>‘ymb</strong></span> <span class='ocrx_word' id='word_1_289' title='bbox 673 2704 788 2745; x_wconf 62' lang='grc' dir='ltr'><strong>’έλαςεν</strong></span> 
     </span>
     <span class='ocr_line' id='line_1_48' title="bbox 57 2752 787 2812; baseline 0.011 -21"><span class='ocrx_word' id='word_1_290' title='bbox 57 2755 204 2807; x_wconf 66' lang='grc' dir='ltr'><strong>Οὖςινίκ</strong></span> <span class='ocrx_word' id='word_1_291' title='bbox 230 2752 383 2797; x_wconf 63' lang='grc' dir='ltr'><strong>διηθεῖται.</strong></span> <span class='ocrx_word' id='word_1_292' title='bbox 416 2760 488 2796; x_wconf 88' lang='lat' dir='ltr'><strong>Pro</strong></span> <span class='ocrx_word' id='word_1_293' title='bbox 502 2760 647 2812; x_wconf 65' lang='grc' dir='ltr'><strong>Οὖςεινίε</strong></span> <span class='ocrx_word' id='word_1_294' title='bbox 663 2774 787 2798; x_wconf 83' lang='lat' dir='ltr'><strong>emen-</strong></span> 
     </span>
     <span class='ocr_line' id='line_1_49' title="bbox 55 2804 791 2862; baseline 0.008 -17"><span class='ocrx_word' id='word_1_295' title='bbox 55 2804 224 2850; x_wconf 74' lang='lat' dir='ltr'><strong>dandum</strong></span> <span class='ocrx_word' id='word_1_296' title='bbox 243 2809 418 2862; x_wconf 63' lang='lat' dir='ltr'><strong>Oisgan&#39;a,</strong></span> <span class='ocrx_word' id='word_1_297' title='bbox 438 2820 480 2852; x_wconf 90' lang='lat' dir='ltr'><strong>ut</strong></span> <span class='ocrx_word' id='word_1_298' title='bbox 496 2814 652 2851; x_wconf 79' lang='lat' dir='ltr'><strong>cruditis</strong></span> <span class='ocrx_word' id='word_1_299' title='bbox 672 2814 791 2851; x_wconf 87' lang='lat' dir='ltr'><strong>omni-</strong></span> 
     </span>
     <span class='ocr_line' id='line_1_50' title="bbox 57 2862 792 2914; baseline 0.005 -13"><span class='ocrx_word' id='word_1_300' title='bbox 57 2862 131 2901; x_wconf 86' lang='lat' dir='ltr'><strong>bus</strong></span> <span class='ocrx_word' id='word_1_301' title='bbox 174 2872 427 2913; x_wconf 84' lang='lat' dir='ltr'><strong>compertum.</strong></span> <span class='ocrx_word' id='word_1_302' title='bbox 511 2867 571 2903; x_wconf 88' lang='lat' dir='ltr'><strong>De</strong></span> <span class='ocrx_word' id='word_1_303' title='bbox 613 2866 792 2914; x_wconf 63' lang='lat' dir='ltr'><strong>Verania,</strong></span> 
     </span>
     <span class='ocr_line' id='line_1_51' title="bbox 59 2914 793 2971; baseline 0.012 -20"><span class='ocrx_word' id='word_1_304' title='bbox 59 2914 92 2964; x_wconf 66' lang='lat' dir='ltr'><strong>ej</strong></span> <span class='ocrx_word' id='word_1_305' title='bbox 100 2927 218 2967; x_wconf 83' lang='lat' dir='ltr'><strong>usque</strong></span> <span class='ocrx_word' id='word_1_306' title='bbox 250 2924 369 2955; x_wconf 84' lang='lat' dir='ltr'><strong>n.orte</strong></span> <span class='ocrx_word' id='word_1_307' title='bbox 403 2931 449 2958; x_wconf 83' lang='lat' dir='ltr'><strong>ac</strong></span> <span class='ocrx_word' id='word_1_308' title='bbox 490 2919 626 2971; x_wconf 79' lang='lat' dir='ltr'><strong>Reguli</strong></span> <span class='ocrx_word' id='word_1_309' title='bbox 660 2921 793 2960; x_wconf 78' lang='lat' dir='ltr'><strong>fraude</strong></span> 
     </span>
    </p>
   </div>
   <div class='ocr_carea' id='block_1_9' title="bbox 862 2657 1615 2966">
    <p class='ocr_par' dir='ltr' id='par_1_15' title="bbox 862 2657 1615 2966">
     <span class='ocr_line' id='line_1_52' title="bbox 863 2657 1615 2717; baseline 0.012 -23"><span class='ocrx_word' id='word_1_310' title='bbox 863 2657 975 2695; x_wconf 66' lang='lat' dir='ltr'><strong>Forte</strong></span> <span class='ocrx_word' id='word_1_311' title='bbox 996 2658 1095 2696; x_wconf 84' lang='lat' dir='ltr'><strong>idem</strong></span> <span class='ocrx_word' id='word_1_312' title='bbox 1116 2668 1170 2697; x_wconf 87' lang='lat' dir='ltr'><strong>est</strong></span> <span class='ocrx_word' id='word_1_313' title='bbox 1197 2660 1243 2696; x_wconf 83' lang='lat' dir='ltr'><strong>de</strong></span> <span class='ocrx_word' id='word_1_314' title='bbox 1260 2673 1337 2709; x_wconf 87' lang='lat' dir='ltr'><strong>quo</strong></span> <span class='ocrx_word' id='word_1_315' title='bbox 1356 2661 1500 2701; x_wconf 81' lang='lat' dir='ltr'><strong>Seneca</strong></span> <span class='ocrx_word' id='word_1_316' title='bbox 1515 2666 1590 2717; x_wconf 76' lang='lat' dir='ltr'><strong>Ep.</strong></span> <span class='ocrx_word' id='word_1_317' title='bbox 1610 2709 1615 2712; x_wconf 31' lang='lat'>¹</span> 
     </span>
     <span class='ocr_line' id='line_1_53' title="bbox 863 2710 1593 2757; baseline 0.012 -9"><span class='ocrx_word' id='word_1_318' title='bbox 863 2715 929 2753; x_wconf 75' lang='lat'><strong>27.</strong></span> <span class='ocrx_word' id='word_1_319' title='bbox 982 2710 1166 2750; x_wconf 76' lang='lat' dir='ltr'><strong>Calvisius</strong></span> <span class='ocrx_word' id='word_1_320' title='bbox 1219 2712 1378 2751; x_wconf 71' lang='lat' dir='ltr'><strong>Sabinus</strong></span> <span class='ocrx_word' id='word_1_321' title='bbox 1417 2719 1593 2757; x_wconf 66' lang='lat' dir='ltr'><strong>memoria</strong></span> 
     </span>
     <span class='ocr_line' id='line_1_54' title="bbox 862 2759 1592 2816; baseline 0.012 -16"><span class='ocrx_word' id='word_1_322' title='bbox 862 2759 1089 2816; x_wconf 60' lang='lat' dir='ltr'><strong>nostrdfizit‘</strong></span> <span class='ocrx_word' id='word_1_323' title='bbox 1102 2766 1228 2804; x_wconf 73' lang='lat' dir='ltr'><strong>clives:</strong></span> <span class='ocrx_word' id='word_1_324' title='bbox 1265 2772 1302 2804; x_wconf 84' lang='lat' dir='ltr'><strong>et</strong></span> <span class='ocrx_word' id='word_1_325' title='bbox 1324 2769 1592 2816; x_wconf 82' lang='lat' dir='ltr'><strong>patrimonium</strong></span> 
     </span>
     <span class='ocr_line' id='line_1_55' title="bbox 865 2817 1590 2872; baseline 0.011 -18"><span class='ocrx_word' id='word_1_326' title='bbox 865 2817 1019 2855; x_wconf 72' lang='lat' dir='ltr'><strong>habebat</strong></span> <span class='ocrx_word' id='word_1_327' title='bbox 1076 2819 1243 2856; x_wconf 80' lang='lat' dir='ltr'><strong>libertini</strong></span> <span class='ocrx_word' id='word_1_328' title='bbox 1289 2825 1326 2857; x_wconf 86' lang='lat' dir='ltr'><strong>et</strong></span> <span class='ocrx_word' id='word_1_329' title='bbox 1389 2821 1590 2872; x_wconf 77' lang='lat' dir='ltr'><strong>ingenium.</strong></span> 
     </span>
     <span class='ocr_line' id='line_1_56' title="bbox 866 2869 1593 2921; baseline 0.017 -14"><span class='ocrx_word' id='word_1_330' title='bbox 866 2869 1078 2921; x_wconf 85' lang='lat' dir='ltr'><strong>Numquam</strong></span> <span class='ocrx_word' id='word_1_331' title='bbox 1116 2872 1195 2911; x_wconf 75' lang='lat' dir='ltr'><strong>vidi</strong></span> <span class='ocrx_word' id='word_1_332' title='bbox 1241 2872 1417 2912; x_wconf 77' lang='lat' dir='ltr'><strong>hominem</strong></span> <span class='ocrx_word' id='word_1_333' title='bbox 1449 2877 1593 2918; x_wconf 82' lang='lat' dir='ltr'><strong>beatum</strong></span> 
     </span>
     <span class='ocr_line' id='line_1_57' title="bbox 864 2923 1108 2966; baseline 0.012 -4"><span class='ocrx_word' id='word_1_334' title='bbox 864 2923 1108 2966; x_wconf 67' lang='lat' dir='ltr'><strong>indecentius,</strong></span> 
     </span>
    </p>
   </div>
  </div>
 </body>
</html>
