1786 3204
39 176 82 218 J.
99 175 148 218 C.
164 172 231 222 69.
359 172 746 215 HISTORIARUM
777 172 939 215 LIBER
968 173 1276 216 SECUNDUS.
1513 180 1589 219 125

45 282 385 331 concurrebant
400 298 415 329 ε
460 278 510 328 in
541 295 713 346 aggere
747 277 870 337 viae‚¹
901 277 1071 325 collato
1094 278 1273 353 gradu,
1316 277 1598 350 corporibus

44 369 95 408 et
111 357 392 407 umbonibus
408 356 509 417 niti,
532 356 702 405 omisso
723 356 926 420 pilorum
943 355 1087 419 jactu,
1111 355 1273 420 gladiis
1289 366 1334 404 et
1354 357 1595 407 securibus

46 436 200 502 galeas
233 435 491 501 loricasque
512 450 845 499 perrumpere:
881 444 1125 480 noscentes
1155 432 1278 481 inter
1307 437 1395 503 seu,2
1428 435 1594 483 ceteris

38 512 301 578 conspicui,
322 512 372 560 in
393 523 612 561 eventum
633 511 774 561 totius
794 509 906 558 belli
927 511 1177 558 certabant.

110 676 194 717 43.
228 667 409 716 FORTE
440 666 561 715 inter
590 665 773 715 Padum
803 665 1037 730 viamque,
1071 664 1243 730 patenti
1266 683 1450 731 campo,
1483 667 1594 718 duae

44 745 253 812 legiones
285 761 547 811 congressae
583 756 719 793 sunt.
756 761 843 808 pro
883 744 1071 792 Vitellio
1109 745 1479 804 unaetvicesima,
1517 747 1593 794 cui

47 837 312 912 cognomen
333 823 554 886 Rapaci?
577 834 733 870 vetere
755 819 939 910 gloria
925 821 1143 891 insignis:
1170 839 1195 869 e
1219 834 1351 895 parte
1373 824 1593 884 Othonis,

43 901 195 988 prima
216 900 458 966 Adjutrix‚
487 916 585 948 non
613 900 720 948 ante
754 900 801 946 in
829 899 974 947 aciem
997 900 1210 958 deducta,
1242 901 1324 947 sed
1358 898 1512 959 ferox,
1546 913 1594 949 et

43 978 156 1026 novi
194 977 373 1027 decoris
410 978 555 1026 avida.
601 977 843 1034 Primani,
877 977 1026 1025 stratis
1066 977 1592 1027 unaetvicesimanorum

43 1054 315 1120 principiis‚⁴
352 1056 554 1121 aquilam
593 1056 851 1105 abstulere:
891 1073 986 1120 quo
1021 1056 1184 1103 dolore
1216 1072 1408 1103 accensa
1452 1057 1593 1122 legio,

44 1144 94 1180 et
127 1133 310 1198 impulit
342 1149 503 1182 rursus
517 1137 533 1162 ⁵
555 1133 806 1198 primanos,
839 1132 1083 1181 interfecto
1117 1133 1348 1196 Orphidio
1379 1134 1594 1199 Benigno

45 1210 217 1276 legato,
264 1221 311 1260 et
343 1211 543 1276 plurima
581 1211 712 1276 signa
756 1210 1026 1274 vexillaque
1064 1227 1125 1257 ex
1172 1211 1381 1258 hostibus
1426 1212 1591 1274 rapuit.

44 1293 96 1338 A
128 1300 264 1354 parte
296 1288 402 1349 alia,
436 1290 656 1354 propulsa
695 1289 1022 1354 quintanorum
1062 1288 1238 1351 impetu
1282 1288 1595 1338 tertiadecima

45 1364 198 1432 legio:
214 1363 234 1387 ⁶
268 1365 571 1416 circumventi
603 1366 810 1431 plurium
843 1383 1038 1415 accursu
1061 1365 1463 1430 quartadecimani.
1532 1368 1596 1415 Et

44 1444 266 1493 ducibus
277 1444 479 1492 Othonis
508 1446 606 1510 jam
638 1445 820 1508 pridem
853 1443 1082 1509 profugis,
1119 1443 1307 1492 Caecina
1340 1461 1392 1492 ac
1422 1444 1594 1492 Valens

43 1521 257 1570 subsidiis
278 1538 387 1570 suos
409 1523 670 1570 firmabant.
738 1522 950 1570 Accessit
979 1538 1142 1569 recens
1165 1521 1408 1580 auxilium,
1443 1524 1597 1569 Varus

43 1599 294 1663 Alphenus
336 1616 447 1648 cum
492 1599 691 1659 Batavis,
730 1598 836 1648 fusa
879 1599 1187 1665 gladiatorum
1232 1603 1410 1657 manu‚·⁷
1451 1617 1594 1664 quam

44 1676 239 1725 navibus
276 1686 601 1738 transvectam,
638 1678 863 1742 oppositae
902 1676 1119 1726 cohortes
1162 1677 1211 1724 in
1254 1677 1355 1740 ipso
1402 1677 1594 1725 flumine

42 1754 400 1806 trucidaverant.
468 1756 537 1803 Ita
557 1755 756 1804 victores
777 1755 895 1804 latus
916 1755 1119 1803 hostium
1141 1754 1323 1803 invecti.

111 1917 193 1958 44.
227 1909 307 1958 ΕΤ
341 1909 497 1959 media⁷
513 1905 625 1960 'acie
653 1911 901 1977 perrupta‚'‘
930 1910 1098 1977 fugere
1128 1909 1295 1974 passim
1320 1909 1592 1970 Othoniani,

43 1987 323 2038 Bebriacum
365 1991 612 2054 petentes.⁴
654 1991 943 2038 Immensum
980 1989 1031 2036 id
1074 1987 1303 2053 spatium:
1340 1988 1592 2040 obstructa·-

101 2151 115 2170 ¹
144 2154 197 2193 -In
222 2168 362 2207 agge-re
379 2154 461 2194 vioe.
489 2155 554 2194 Sic
573 2168 672 2209 saepe
688 2171 785 2209 pug-

45 2214 184 2255 natum
207 2209 374 2247 vidimus
400 2209 439 2247 in
464 2210 613 2248 viarum
642 2213 785 2262 aggeri-

49 2263 134 2310 bus,
150 2275 267 2313 supra
282 2263 425 2301 Annal.
444 2275 493 2301 11.
512 2269 578 2311 20,
598 2264 675 2304 ὅτε.

906 2154 927 2178 ⁴*
953 2156 1173 2207 Principiis.
1205 2155 1248 2194 Id
1269 2160 1337 2201 est,
1363 2155 1489 2192 stratis
1514 2154 1593 2193 lec-

855 2210 1008 2249 tissimis
1054 2210 1255 2255 militibus,
1313 2209 1380 2259 qui
1432 2208 1592 2259 legionis

856 2264 1198 2303 uniusetvicesimae
1251 2263 1393 2314 primos
1439 2264 1594 2302 'ordines

102 2313 120 2331 ²·
147 2316 357 2355 Nascentes
382 2317 484 2354 inter
512 2332 564 2356 se.
594 2319 691 2356 Haec
721 2332 786 2357 ac-

47 2370 136 2420 cipe
172 2370 220 2408 de
255 2371 326 2416 his,
360 2371 427 2421 qui
469 2373 509 2408 in
544 2385 679 2423 aggere
714 2373 785 2411 viae

46 2424 210 2473 gradum
244 2425 512 2463 conferebant:
546 2440 584 2463 se
620 2427 783 2465 invicem

46 2484 254 2523 noscentes,
275 2479 410 2527 ceteris
432 2480 645 2530 conspicui,
664 2489 786 2518 certa-

47 2531 154 2579 bant,
190 2533 300 2582 quasi
334 2534 385 2571 ab
417 2534 510 2584 ipsis
539 2535 659 2572 totius
694 2535 784 2572 belli

46 2593 205 2624 eventus
223 2587 417 2636 penderet.
460 2586 560 2624 Vide
580 2588 678 2625 infra
697 2601 783 2639 cap.

48 2642 117 2677 45.
144 2639 290 2687 fratres,
318 2642 552 2693 propinquos
569 2641 609 2678 in
637 2642 783 2680 diverso

47 2700 236 2732 exercitu.

103 2743 121 2773 ³
149 2746 222 2785 Cui
236 2760 434 2799 cognomen
456 2748 616 2799 Rapaci.
652 2749 786 2787 Multa

47 2799 241 2854 legionum
267 2803 496 2852 cognomina
518 2803 724 2842 memoravi
743 2803 784 2840 in

48 2861 130 2891 not.
147 2860 186 2893 et
199 2856 347 2894 emend.
364 2857 413 2894 ad
435 2856 537 2895 Hist.
555 2868 604 2896 11.
622 2854 662 2895 6.
680 2856 783 2895 Vide

49 2907 179 3008 aglhuc
209 2910 360 2949 easdem
386 2917 468 2963 not.
490 2918 529 2949 et
556 2911 704 2953 emend.
732 2911 782 2949 ad

94 2970 141 3001 ist
172 2973 221 3002 11.
238 2966 306 3002 43.

855 2321 1077 2356 tuebantur.
1148 2356 1152 2361 ,

909 2370 923 2393 ⁵
954 2373 1116 2423 Impulit
1153 2384 1297 2410 rurs-us.
1355 2371 1514 2417 Rursus,
1552 2372 1593 2409 id

853 2432 922 2473 est,
949 2427 1032 2464 vice
1063 2425 1169 2463 versa
1196 2425 1353 2476 impulit
1386 2427 1592 2476 primanos,

853 2493 919 2518 seu
937 2480 1124 2531 legionem
1139 2480 1306 2531 primam
1323 2479 1591 2529 Adjutricem3

855 2540 899 2572 ut
915 2534 1020 2572 recte
1038 2534 1211 2584 explicat
1230 2533 1413 2571 Pichena.

905 2582 924 2605 ⁶
965 2587 1240 2626 Tertiadeczma
1281 2588 1393 2638 legio.
1440 2586 1592 2631 Quinta

852 2641 951 2692 legio
978 2654 1047 2692 pro
1066 2641 1242 2687 Vitellio,
1268 2641 1535 2682 tertiadecima
1551 2648 1590 2680 et

851 2695 1143 2747 quartadecima
1162 2708 1229 2746 pro
1246 2695 1402 2733 Othone
1422 2697 1587 2737 stabant,

852 2757 899 2787 ut
928 2750 1092 2786 vidimus
1123 2762 1242 2800 supra
1270 2749 1373 2787 Hist.
1404 2761 1434 2787 1.
1459 2752 1524 2786 55.
1552 2757 1591 2786 et

852 2803 1091 2841 Hist.11.11
1114 2811 1151 2842 et
1170 2806 1236 2841 32

905 2854 920 2876 ⁷
969 2856 1238 2896 Gladiatorum
1279 2869 1404 2896 manu.
1462 2856 1587 2917 Supra

852 2910 955 2951 Hist.
971 2922 1021 2958 ιι,
1039 2913 1107 2949 35.
