2242 3996
445 128 545 180 AD
580 127 709 180 Lm.
741 105 1020 177 11.'n1s'r.
1054 125 1113 177 c.
1148 124 1353 178 eorm.
1386 126 1639 179 TACITI.
1897 133 2000 190 519

145 257 265 313 Aut
285 255 451 311 illam.
526 257 656 312 MS.
682 257 845 312 Corb.
869 258 1041 311 autin
1065 256 1232 312 illam.

147 350 308 404 Omni
331 350 495 420 modo.
570 350 652 405 Ita
695 350 867 405 MSS.
907 349 1048 404 Flor.
1092 351 1226 423 Reg.
1274 350 1454 406 Guelf.
1493 349 1647 405 Harl.
1692 349 1847 406 Bodl.
1880 350 1917 408 J
1921 369 1994 409 et·

72 442 303 507 Pichena
326 456 377 497 et
401 444 723 518 recentiores.
798 442 862 496 In
884 444 1139 498 veteribus
1164 445 1489 513 editionibuS,
1513 444 1737 501 omnino-

146 534 492 611 Transgressi.
566 536 886 591 MS..Corb.
930 537 1162 610 ingressi.

142 724 294 778 CAP.
318 731 406 785 93.
453 722 593 777 Urbe
617 721 727 776 tota
750 741 930 796 vagus.
1003 721 1135 778 MS.
1164 721 1327 776 Corb.
1352 743 1566 797 vagans,

145 818 546 872 Imminaebant.
585 818 674 871 Sic
701 817 871 870 MSS.
892 816 1033 870 Flor.
1059 817 1193 887 Reg.
1215 816 1379 870 Corb.
1395 817 1524 887 Agr.
1550 818 1706 872 editio
1732 818 1989 890 princep8‚

69 907 302 981 Ryckius
324 921 378 963 et
401 912 726 964 recentiores,
764 909 828 963 In
853 910 982 963 MS.
1009 909 1161 963 Harl.
1186 919 1237 963 et
1264 910 1597 976 Puteolanus,
1635 913 1988 968 imminuebat.

143 1003 429 1077 Adjacenti
458 1004 645 1057 Tiberi.
719 1001 801 1056 Ita
839 1005 1043 1075 quidem
1088 1003 1259 1057 MSS.
1304 1002 1444 1056 Flor.
1489 1003 1620 1073 Reg.
1662 1004 1821 1058 Corb.
1860 1005 1990 1075 Agr.

69 1095 228 1149 editio
253 1097 511 1167 princeps,
553 1097 793 1166 Ryckius,
832 1097 1036 1168 aliique.
1108 1096 1184 1149 At
1224 1097 1272 1148 in
1316 1097 1487 1150 MSS.
1520 1097 1670 1150 Harl.
1699 1098 1853 1151 Bodl.
1877 1099 1990 1153 Jes.

31 1249 33 1251 ,
66 1197 125 1242 et
169 1187 503 1254 Puteolanus,
540 1190 831 1262 adjacentia
879 1188 1066 1243 Tiberi.
1141 1189 1304 1248 Quod.
1340 1189 1546 1242 retinuit
1590 1189 1673 1244 Cl.
1719 1191 1988 1258 ErnestuS,

67 1283 193 1335 dum
217 1293 433 1348 constet,
442 1284 640 1355 jacere,
677 1293 783 1349 aut,
807 1282 1040 1354 adjacere
1064 1282 1126 1334 de
1150 1281 1445 1335 fluminibus
1471 1282 1589 1336 dici.
1639 1282 1813 1388 (ἵετε,
1839 1283 1989 1355 adja-

65 1376 236 1429 centia
261 1375 390 1429 tueri
413 1375 535 1429 licet
558 1375 862 1429 auctoritate
890 1374 1062 1441 Plinii,
1088 1392 1169 1427 VI.
1220 1383 1303 1434 17.
1377 1381 1412 1405 “
1439 1373 1685 1428 Indorum
1707 1395 1846 1446 gens,
1882 1393 1988 1429 non

68 1466 191 1522 Eoo
217 1470 415 1521 tantiim
443 1469 568 1522 mari
593 1470 846 1541 adjacens,
883 1470 1058 1521 veriim
1085 1478 1135 1521 et
1158 1468 1486 1522 meridiano.’'

122 1558 537 1634 -Gallorumque
613 1563 779 1635 Bene&
801 1561 975 1614 MSS.
1018 1559 1171 1615 Harl.
1219 1561 1373 1614 Bodl.
1422 1561 1459 1615 J
1463 1582 1534 1614 es,
1582 1561 1895 1618 Puteolanus
1934 1576 1989 1624 et

64 1646 394 1708 recentiores.
469 1654 728 1724 Corrupte
772 1654 901 1708 MS.
943 1653 1106 1707 Corb.
1146 1653 1507 1707 Gadanorum.
1581 1654 1710 1708 MS.
1753 1657 1892 1709 Bud.
1934 1669 1987 1712 et

65 1747 222 1800 editio
262 1748 519 1820 princeps,
577 1747 933 1801 Gadavorum.
1008 1746 1136 1800 Inde
1195 1749 1378 1799 frustra
1427 1749 1653 1800 tentabat
1690 1747 1986 1816 Rhemum,
2012 1783 2014 1785 -

32 1869 37 1875 ⁷
68 1836 415 1894 Batavorum.
493 1840 752 1894 Remissas
776 1839 911 1893 enim
942 1840 995 1894 in
1019 1840 1353 1894 Germaniam
1394 1840 1704 1893 Batavorum
1746 1840 1985 1898 cohortes

65 1930 285 1986 vidimus
309 1953 461 2004 supra
483 1953 597 2004 cap.
624 1936 713 1994 69.

139 2025 543 2079 Adsectabatur.
619 2026 766 2080 Bene
792 2026 1036 2080 editiones
1060 2022 1254 2080 veteres
1278 2036 1328 2080 et
1351 2026 1671 2080 recentioreS.
1722 2027 1784 2080 In
1811 2028 1983 2083 MSS.

63 2117 219 2174 Harl.
249 2117 403 2172 Bodl.
427 2118 463 2174 J
468 2138 539 2174 eS.
565 2119 968 2174 assectabantur.
1044 2120 1391 2174 Emendatum
1421 2120 1474 2173 in
1498 2121 1626 2175 MS.
1655 2119 1805 2174 Harl.
1829 2140 1984 2176 assec-

62 2213 293 2268 labatur.

136 2405 288 2461 CAP.
314 2413 402 2467 94.
446 2404 762 2461 Incusantes.
835 2404 965 2462 MS.
993 2406 1155 2459 Corb.
1185 2415 1491 2460 accusantes.
1534 2402 1536 2405 ⁸

134 2498 428 2572 Ejusmodi.
503 2499 632 2554 MS.
662 2501 822 2553 Corb.
864 2499 1167 2572 bajusmodi.

112 2592 361 2647 *Insitam
386 2594 558 2647 animo
581 2594 864 2667 ignaviam.
925 2591 1008 2646 Ita
1032 2592 1148 2645 libri
1172 2591 1350 2663 scripti
1372 2602 1423 2646 et
1448 2592 1604 2659 editi;
1643 2602 1827 2663 praeter
1853 2587 1981 2647 MS.

62 2686 206 2742 Flor.
230 2686 282 2739 in
307 2708 428 2759 quo,
465 2687 676 2741 insitam
700 2696 858 2740 morte
882 2686 1054 2740 animo
1078 2685 1365 2759 ignaviam.
1440 2685 1568 2738 Inde
1607 2688 1797 2739 frustra
1820 2693 1982 2739 tenta-

61 2781 152 2834 bat
179 2780 409 2850 Lipsius,
446 2780 654 2833 insitam
668 2779 830 2851 forte.
906 2779 1154 2844 Pichena‚
1191 2778 1399 2839 insitam
1423 2778 1593 2843 inerti,
1630 2779 1715 2840 ὅςε.

140 2871 403 2945 Conferre.
481 2873 630 2926 Male
648 2873 827 2927 MSS.
855 2872 987 2943 Reg.
1015 2872 1179 2925 Corb.
1204 2881 1256 2924 et
1278 2869 1435 2923 editio
1456 2870 1710 2942 princePS,
1736 2889 1826 2923 con
1857 2869 1979 2924 erri.

63 2963 203 3018 Mox
231 2965 359 3019 MS.
383 2966 419 3021 J
424 2985 495 3019 es.
533 2975 581 3019 et
605 2965 876 3021 tributum.

113 3107 287 3201 'CAR
313 3153 400 3208 95.
444 3145 675 3220 Inferias
703 3144 899 3200 Neroni
904 3145 1133 3220 fecisset.
1172 3145 1315 3198 Bene
1347 3144 1554 3216 Lipsius
1579 3153 1631 3197 et
1655 3141 1976 3196 recentiores,

19 3279 21 3281 >
62 3239 211 3299 Male
238 3240 409 3294 MSS.
435 3241 568 3310 Reg.
596 3238 756 3294 Corb.
784 3250 835 3293 et
862 3239 1020 3292 editio
1044 3238 1300 3310 princepe,
1319 3238 1544 3309 jecisset.-
1617 3235 1787 3289 MSS.
1825 3233 1978 3288 Harl.

59 3332 217 3388 Bodl.
240 3333 276 3388 J
281 3353 351 3387 es.
376 3343 428 3386 et
454 3332 783 3399 PuteolanuS‚
802 3333 1061 3405 jecissent.

4 3504 5 3507 Ἴ
133 3425 321 3482 Facem
348 3425 679 3500 Augustales.
755 3425 898 3479 Bene
938 3424 1108 3478 MSS.
1147 3423 1288 3478 Flor.
1317 3423 1481 3477 Corb.
1503 3420 1632 3493 Agr.
1656 3431 1708 3474 et
1732 3420 1977 3477 editiones

59 3519 379 3573 recentiores.
457 3519 544 3572 Sic
570 3536 774 3590 quoque
798 3517 1005 3570 volebat
1045 3517 1304 3571 Muretus.
1376 3515 1442 3573 In
1467 3513 1637 3571 MSS.
1665 3513 1798 3586 Reg.
1822 3510 1976 3570 Harl.

3 3687 5 3692 1
53 3609 92 3666 J
96 3631 167 3666 es·
192 3623 244 3666 et
266 3611 574 3667 editionibus
598 3609 869 3697 veteribus,
888 3609 1059 3697 faces.
