2210 3984
225 175 323 227 562
734 170 939 219 NOTAE
973 169 1058 217 ET
1094 167 1564 219 EMENDATION
1575 171 1652 220 Es

229 303 394 377 Angl.
425 299 693 368 133‚333l.
717 301 790 352 os.
819 296 906 350 Sd.
932 295 1085 348 tradit
1136 294 1461 362 PlutarchuS,
1520 297 1572 350 in
1599 297 1899 368 Poplicola,
1946 317 1999 369 p.
2032 305 2152 355 105.

228 397 436 471 Λέγεται
462 398 507 449 δὲ
536 392 789 467 Ταρκύνιον
815 393 876 451 εἰς
901 389 1005 451 τοὺς
1030 388 1262 457 θεμελίους
1286 387 1533 443 ἀναλῶσαι
1557 389 1723 464 λίτρας
1738 390 1968 466 οἷςγυςίρυ
1986 413 2153 466 verpa-7

225 490 494 563 κισ-μυρίας.
1167 565 1171 567 Α
1777 494 1780 496 ’

297 583 478 649 Tanta
495 588 662 632 autem
691 577 822 629 aedes
869 577 953 639 (ea
976 583 1083 625 tum
1121 582 1231 626 erat
1255 593 1458 626 morum
1483 573 1804 645 simplicitas)
1842 576 2155 631 exaedificata

227 687 321 742 est,
358 684 416 727 ut
439 671 612 726 fictilis
638 668 832 738 effigies
856 666 1004 721 Jovis
1041 664 1092 717 in
1119 664 1382 735 Capitolio
1424 665 1697 719 locaretur.
1770 667 1974 721 Aurum
2016 668 2153 722 enim

228 780 281 822 et
320 777 586 837 argentum
619 783 681 814 ne
711 761 829 813 Diis
872 759 1076 830 quidem
1114 758 1497 811 conficiebatur.
1572 758 1771 820 Fictilis
1794 761 1991 813 tantum
2017 760 2161 815 cole-⁴

229 865 381 915 batur
404 857 629 927 Jupiter,
667 864 720 907 et
757 853 874 906 ideo
919 850 1112 903 'miniari
1141 850 1351 904 solitus:
1391 850 1573 903 fictiles
1615 867 1823 922 quoque
1863 852 1916 905 in
1953 852 2156 923 fastigio

230 951 413 1022 templi
453 947 729 1020 quadrigae.
808 943 944 998 Plin.
998 936 1197 995 XXXV.
1248 951 1329 996 12.
1406 943 1468 995 In
1512 944 1612 996 hac
1652 954 1822 997 tamen
1864 947 1972 998 aede
2007 945 2162 1000 Jovis
2200 932 2204 934 ,

233 1042 519 1115 Capitolini
565 1039 928 1109 scalpturatum
981 1034 1329 1106 pavimentum
1378 1035 1597 1105 primum
1661 1038 1852 1089 factum
1914 1047 1992 1091 est
2038 1048 2161 1107 post

231 1138 439 1192 tertium
503 1132 760 1186 Punicum
824 1128 1022 1181 bellum
1082 1126 1283 1179 initum.
1369 1127 1504 1179 Plin.
1570 1146 1794 1180 XXXVI.
1852 1136 1946 1184 25.
2029 1129 2160 1201 Ejus

235 1240 406 1284 autem
431 1224 689 1298 laquearia
731 1232 851 1293 post
877 1220 1240 1289 Carthaginem
1281 1239 1507 1273 eversam
1548 1221 1773 1283 inaurata
1809 1234 1942 1277 sunt.
2018 1223 2159 1278 Plin.

234 1338 477 1375 xxxnr.
522 1325 570 1372 3.
2024 1357 2029 1363 .

310 1410 661 1480 Confiagravit
683 1409 817 1463 istud
841 1406 1114 1477 templum,
1156 1405 1364 1476 Syllano
1389 1407 1546 1475 bello,
1584 1409 1654 1462 A.
1671 1409 1740 1463 U.
1764 1409 1830 1464 C.
1857 1412 1986 1469 671.»
2019 1409 2160 1466 Mox

238 1507 414 1560 iisdem
443 1524 615 1557 rursus
640 1501 863 1571 vestigiis
890 1501 1045 1553 situm
1071 1510 1165 1553 est.
1243 1500 1348 1553 Sed
1372 1502 1490 1553 cum
1517 1501 1716 1555 luxuria
1741 1514 1861 1556 tunc
1905 1502 2163 1575 adolesce-

240 1610 333 1665 ret,
371 1607 620 1650 certatum
644 1607 722 1648 est
761 1606 819 1646 ut
841 1593 1239 1663 Tarquiniorum
1268 1613 1397 1663 opus
1440 1594 1821 1665 magnificentia
1863 1597 2163 1649 vinceretur.

243 1691 401 1761 Sylla,
442 1691 798 1743 Romanorum
839 1686 1131 1750 ditissimuS,
1171 1686 1388 1739 Athenis
1430 1681 1491 1739 ex
1531 1686 1565 1740 J
1573 1686 1679 1740 ovis
1709 1687 1944 1758 Olympii
1968 1687 2166 1758 templo
2202 1675 2210 1711 ‘⁴

241 1784 508 1838 columnas
536 1779 840 1850 Capitolinis
867 1779 1059 1831 aedibus
1087 1777 1304 1831 advexit.
1381 1778 1517 1831 Plin.
1562 1797 1784 1832 xxxvl.
1824 1782 1876 1834 6.
1953 1779 2183 1847 Catulus·

243 1877 439 1947 tegulas
464 1894 617 1929 aereas
642 1870 904 1926 inauravit.
983 1871 1119 1923 Plin.
1171 1889 1411 1923 XXXIII.
1455 1879 1506 1924 3.
1584 1870 1770 1925 Cetera
1811 1874 1921 1944 ejus
1964 1874 2171 1941 decora,

243 1970 354 2024 aliis
379 1989 515 2039 saepe
539 1975 840 2030 memorata,
877 1964 997 2034 quid
1023 1966 1289 2034 repetam?
1335 1963 1470 2017 Satis
1497 1964 1560 2016 sit
1585 1964 1885 2019 observasse
1910 1966 2019 2037 ejus
2043 1985 2172 2036 opes

244 2063 297 2117 in
318 2063 626 2115 immensum
652 2058 808 2111 fuisse
828 2067 1001 2110 auctas
1022 2056 1464 2126 triumphantium,
1504 2057 1911 2128 magistratuum,
1947 2058 2172 2126 urbium,

243 2154 637 2228 provinciarum,
691 2150 1026 2222 populorum,
1082 2159 1372 2202 exterorum
1412 2150 1566 2203 etiam
1608 2170 1806 2221 regum,
1859 2171 1920 2204 ac
1963 2152 2174 2206 demum

249 2247 510 2302 Caesarum
538 2243 776 2298 donariis.
852 2242 1122 2312 Principes
1157 2241 1208 2294 in
1251 2261 1336 2319 eas
1374 2241 1700 2296 liberalitates
1738 2243 1870 2296 adeo
1912 2243 2080 2311 effusi,
2115 2253 2176 2299 ut

246 2339 304 2393 in
353 2339 531 2392 cellam
585 2335 879 2407 Capitolini
923 2335 1074 2388 Jovis
1129 2334 1338 2387 sedecim
1394 2335 1561 2388 millia
1593 2336 1768 2407 pondo
1817 2322 1954 2402 au‘ri,
2006 2336 2177 2412 Angl.

250 2431 522 2499 720,000l.
562 2448 789 2502 gemmas
829 2448 891 2481 ac
934 2427 1253 2500 margaritas
1293 2427 1614 2499 quingenties
1649 2429 1947 2496 sestertivim
2002 2422 2176 2504 ”AngL

248 2523 523 2591 416,666l.
554 2530 658 2576 133.
686 2521 772 2577 4d.
797 2519 901 2575 una'
928 2519 1204 2573 donatione
1230 2519 1503 2575 contulerit
1528 2521 1811 2591 Augustus·
1888 2515 2100 2593 'Suetoni
2124 2523 2193 2578 in⁴

250 2619 392 2688 Aug.
420 2635 575 2670 xxx,
1077 2630 1081 2634 ·

322 2710 610 2780 Imaginare
634 2727 768 2761 nunc
794 2707 1036 2779 picturaS,
1075 2716 1280 2773 statuaS,
1318 2719 1371 2761 et
1389 2707 1797 2778 praestantissima
1821 2709 2004 2763 artium
2028 2706 2179 2764 mira-

253 2803 386 2871 cula,
423 2822 535 2875 quae
557 2803 661 2855 huc
686 2801 909 2872 undique
935 2803 1354 2870 congerebantur.
1394 2801 1606 2861 Quanto
1630 2811 1801 2854 autem
1825 2802 1996 2856 studio
2010 2782 2182 2856 adserss-

250 2907 507 2959 varentur‚
545 2914 610 2947 ex
636 2913 739 2946 uno
764 2892 921 2962 disce.
995 2898 1032 2924 “
1058 2893 1209 2946 AEtas
1248 2903 1421 2947 nostra
1458 2893 1581 2945 vidit
1609 2893 1658 2946 in
1691 2893 1974 2963 Capitolio,
2011 2894 2179 2964 prius-

253 2988 409 3061 quam
454 2987 504 3040 id
550 2984 1193 3055 novissimeconflagravit
1228 2985 1261 3038 a
1298 2986 1582 3040 Vitellianis
1621 2987 1898 3053 incensum,
1953 2986 2008 3041 in
2045 2983 2180 3043 cella

252 3081 289 3136 J
293 3080 492 3144 unonis,
528 3097 707 3131 canem
747 3097 810 3130 ex
851 3097 949 3137 aere
988 3077 1171 3131 vulnus
1209 3099 1358 3132 suum
1394 3078 1723 3145 lambentem,
1760 3081 1908 3151 cujus
1931 3080 2177 3154 eximium

252 3170 577 3235 miraculum,
614 3180 667 3223 et
689 3169 960 3223 indiscreta
982 3170 1084 3223 veri
1110 3170 1409 3237 similitudo,
1446 3190 1550 3225 non
1573 3190 1636 3225 eo
1669 3170 1837 3225 solum
1862 3170 2178 3243 intelligitur,
2205 3215 2210 3219 .

254 3263 492 3335 quodibi
533 3262 700 3316 dicata
734 3264 918 3329 fuerat,
955 3262 1129 3316 verum
1173 3274 1225 3316 et
1262 3261 1399 3316 nova
1441 3263 1795 3318 satisdatione:
1832 3274 1952 3317 nam
1975 3252 2178 3317 summa

253 3354 397 3409 nulla
421 3374 514 3423 par
539 3353 835 3408 videbatur:
874 3354 1042 3425 capite
1081 3353 1342 3411 tutelarios
1366 3375 1543 3412 cavere
1566 3375 1665 3431 pro
1688 3357 1769 3424 ea,
1803 3355 2019 3411 instituti
2042 3357 2178 3429 pub·

254 3446 341 3500 lici
367 3446 512 3500 fuit.''
551 3445 688 3500 Plin.
716 3463 940 3502 XXXIV.
980 3452 1033 3504 7.
