1760 3210
68 166 108 207 J·
127 167 174 206 C.
192 168 259 211 70.
406 157 806 202 ,ΗῙΞΤΟΙΠΑῙΠῘΜ
833 155 999 196 LIBER
1029 156 1298 203 QUARTUS.
1512 158 1515 161 ’
1539 162 1621 204 319

75 274 108 296 “
140 268 393 323 coimmus.
453 263 548 314 Sed
576 274 635 311 -ut
671 260 867 318 amicitia
908 260 1191 326 societasque
1225 271 1385 311 nostra
1415 259 1465 310 in
1486 272 1619 310 aeter-

74 351 107 372 “
137 358 256 394 num
276 343 375 392 rata
396 341 470 401 sit,
503 339 790 405 postulamus
811 337 845 386 ³1.
873 338 1020 397 vobis,
1042 354 1204 388 muros
1224 338 1441 398 colomna,
1469 339 1621 387 muni-

77 427 109 451 “
142 423 298 471 menta
319 418 508 477 servitii,
527 416 790 466 detrahatis.
857 415 1009 463 Etiam
1032 414 1131 464 fera
1146 415 1372 475 animalia,
1405 416 1443 469 si
1465 417 1621 466 clausa·

77 505 108 528 “
142 507 310 558 teneas,
358 495 537 546 virtutis
591 493 938 552 obliviscuntur.
1041 493 1283 542 Romanos
1335 509 1514 553 omnes,
1570 495 1621 542 ixi

77 582 120 608 “·
141 575 312 626 finibus
332 573 513 631 vestris,
532 570 796 620 trucidetis:
832 567 958 617 haud
980 568 1113 617 facile
1138 571 1339 630 libertas,
1369 583 1417 620 et
1440 567 1620 621 domini

77 657 108 682 ‘'‘
140 654 405 703 miscentur.
431 688 433 691 .
473 652 606 698 Bona
626 639 976 696 interfectorum
1010 647 1062 695 -in
1102 648 1309 696 medium
1344 650 1527 708 cedant,
1558 665 1623 698 ne

79 737 118 770 “1
134 731 247 796 quis
283 722 511 779 occulere
537 726 811 791 quidquam,
845 735 924 773 aut
979 717 1224 791 segregare
1263 742 1449 775 causam
1479 743 1627 777 suam

79 814 109 836 “
142 808 299 874 possit.
354 806 527 855 *Liceat
541 816 544 820 '
558 803 693 851 nobis
725 803 948 866 vobisque
988 813 1234 867 utramque
1264 804 1411 868 ripam
1448 805 1625 863 colere,

4 883 6 885 ’
78 892 196 936 “aue
229 886 342 934 olim
386 881 636 948 majoribus
669 880 866 929 nostris:
918 881 1159 944 quomodo
1200 881 1354 930 lucem
1402 882 1622 947 diemque

80 969 110 992 “
143 964 358 1013 omnibus
408 959 687 1016 hominibus,
734 958 795 1004 ita
851 973 1011 1005 omnes
1065 969 1208 1007 terras
1263 957 1463 1008 fortibusv
1492 959 1623 1008 viris

81 1047 110 1068 “
142 1052 307 1089 natura
345 1037 536 1103 aperuit.
606 1036 815 1083 Instituta
858 1035 1131 1099 cultumque
1155 1030 1354 1100 patrium
1384 1036 1622 1095 resumite,

80 1117 350 1182 “abruptis
391 1114 734 1179 voluptatibus,¹
763 1112 948 1178 'quibus
995 1113 1197 1161 Romani
1246 1114 1352 1178 plus
1395 1114 1622 1162 adversus

81 1200 112 1223 “
145 1197 393 1261 subjectos,
427 1193 572 1260 quam
605 1191 742 1240 armis
785 1190 966 1238 valent:
1016 1190 1220 1239 sincerus
1263 1202 1317 1238 et·
1345 1191 1540 1256 integer,
1565 1201 1627 1240 ‚et

81 1279 111 1301 “
144 1272 372 1323 servitutis
408 1271 577 1319 oblitus
607 1269 934 1335 populu3,.aut
967 1286 1029 1317 ex
1058 1285 1196 1333 aequo
1219 1269 1379 1334 agetis,
1415 1280 1495 1318 aut
1523 1268 1623 1318 aliis

83 1357 112 1379 “
143 1348 509 1415 imperitabitis.”

136 1512 224 1555 65.
259 1508 706 1562 AGR1PP1NENSES‚
739 1514 894 1551 sumto
923 1500 1211 1567 consultandi
1233 1501 1395 1566 spatio,
1429 1502 1621 1568 quando

81 1599 238 1648 neque
254 1582 409 1630 subire
431 1582 716 1630 conditiones
737 1593 890 1629 metus
920 1580 1084 1640 futuri,
1105 1597 1258 1645 neque
1289 1581 1441 1645 palam
1470 1597 1623 1645 asper·
1674 1582 1684 1595 ²

76 1662 174 1710 nari
188 1659 399 1747 conditio
422 1674 625 1724 praesens
654 1658 848 1718 sinebat,
882 1658 930 1706 in
952 1658 1077 1706 hunc
1100 1658 1295 1707 modum
1317 1659 1622 1722 respondent:

78 1740 120 1767 ⁰*
151 1740 275 1802 Quae
309 1738 459 1802 prima
487 1736 705 1785 libertatis
737 1735 930 1785 facultas
960 1736 1067 1784 data
1101 1740 1206 1795 est,²
1236 1735 1436 1794 avidius,
1477 1752 1624 1800 quam

82 1821 112 1842 “
123 1817 328 1867 cautius
351 1816 616 1874 sumsimus,
638 1826 690 1863 ut
713 1814 843 1863 vobis
865 1814 1118 1879 ceterisque
1143 1814 1408 1872 Germanis,
1430 1829 1624 1862 consan-

20 1892 26 1895 ’
82 1893 324 1961 “s'guineis
356 1893 565 1952 nostris,
576 1894 895 1984 jungeremur.
965 1893 1133 1940 Muros
1171 1891 1379 1953 civitatis,
1427 1907 1623 1955 congre-

11 2032 20 2042 ·
57 2037 61 2039 Β
84 1976 115 1999 “
146 1972 364 2038 gantibus
413 1988 463 2020 se
514 1987 631 2019 cum
682 1969 887 2018 maxime
947 1969 1275 2018 Romanorum
1326 1967 1621 2027 exercitibUS,

83 2054 114 2076 ‘⁶
147 2064 320 2115 augere
359 2048 510 2108 nobis,
557 2064 701 2113 quam
741 2047 942 2106 diruere,
975 2047 1117 2094 tutius
1172 2057 1254 2094 est.
1340 2045 1389 2093 Si
1435 2045 1516 2109 qui
1559 2062 1622 2093 ex

85 2131 117 2155 ‘⁴
150 2126 297 2186 Italia,
319 2138 398 2175 aut
420 2125 682 2190 provinciis,
697 2125 992 2191 alienigenae
979 2141 1028 2172 m
1050 2124 1219 2172 finibus
1240 2122 1408 2171 nostris
1422 2114 1623 2181 fuerant,

75 2208 116 2232 ·¹‘
150 2221 230 2253 eos
251 2205 429 2252 bellurn
459 2204 695 2263 absumsit,
728 2203 836 2252 vel
823 2221 872 2251 m
894 2220 998 2252 suas
1020 2203 1213 2267 quisque
1235 2201 1366 2250 sedes
1388 2199 1622 2265 refugere.
1686 2193 1690 2196 ⁴

39 2269 44 2276 ¹
84 2286 115 2308 “
148 2282 375 2332 Deductis
414 2281 558 2340 olim,3
597 2293 642 2329 et
685 2282 928 2330 nobiscum
973 2298 1057 2346 per
1101 2279 1384 2328 connubium
1428 2276 1624 2335 sociatis,

84 2363 116 2386 “
149 2359 321 2425 quique
357 2376 470 2407 mox
505 2375 777 2422 provenere,
811 2359 913 2407 haec
949 2357 1091 2422 patria
1126 2367 1207 2404 est.
1274 2357 1377 2405 Nec
1399 2371 1482 2402 vos
1503 2353 1644 2404 adeo

84 2439 116 2462 ‘⁴
149 2436 331 2501 iniquos
357 2435 687 2495 existimamus,
710 2447 762 2484 ut
778 2435 973 2483 interfici
996 2434 1024 2482 Ξ,
1045 2433 1177 2482 nobis
1200 2442 1425 2496 parenteS‚
1442 2429 1624 2490 fratres,

86 2518 116 2540 “
149 2514 316 2562 liberos
337 2524 519 2561 nostros
539 2513 700 2562 velitis.
747 2513 954 2579 Vectigal
968 2514 987 2542 ⁴
1008 2523 1054 2560 et
1075 2526 1216 2559 onera
1237 2507 1624 2559 commerciorum

140 2657 643 2708 'Abruptzstoluptatibus.
661 2658 816 2705 Quibus
888 2664 952 2696 tur
971 2656 1138 2699 colonia.

85 2712 181 2750 inter
195 2711 461 2749 dominationis
472 2712 724 2749 instrumenta
738 2719 818 2749 ute·
940 2708 962 2734 ⁴*
993 2710 1177 2770 Vectigal.
1207 2707 1433 2748 Omittimus
1447 2708 1624 2759 vectigal,

87 2766 238 2808 buntur>
259 2765 444 2810 Romam
474 2772 518 2803 ut
542 2765 787 2804 videbimus
777 2778 817 2803 m
889 2777 956 2802 seu
976 2764 1157 2815 portoria,
1191 2775 1277 2812 quae
1297 2774 1411 2800 onera
1439 2774 1628 2801 commer-

3 2815 14 2825 ’
48 2863 51 2865 ‚
90 2818 188 2856 Vita
206 2819 337 2870 Agric.
357 2831 455 2857 xm.
890 2819 1040 2856 ciorum
1060 2823 1161 2855 sunt.
1195 2816 1256 2854 De
1272 2815 1521 2867 vectigalibus
1538 2829 1626 2868 por-

138 2868 159 2890 ²
186 2872 294 2910 Data
311 2877 379 2910 est.
410 2872 454 2909 In
472 2871 545 2910 hoc
561 2871 748 2910 tumultu.
893 2872 1073 2923 toriisque
1090 2871 1239 2910 dictum
1257 2870 1347 2910 satis
1366 2870 1623 2914 Annal.x111.

139 2922 156 2946 ³
184 2925 370 2966 Deductis
388 2926 488 2965 olim.
517 2926 619 2966 Cum
643 2926 821 2965 condere·
894 2929 962 2963 50.
