1760 3210
71 153 110 196 ι.
129 142 793 197 c.7o.HISTOR1ARUM
824 142 988 194 mnan
1011 112 1285 192 Qmiz‘rus„
1526 149 1618 195 357*

70 255 254 324 patitur.
286 250 516 298 Incertae
550 246 752 296 undaez¹
799 249 1070 313 superjacta,
1108 259 1162 296 ut
1206 247 1373 308 solid'o',
1415 246 1620 302 ἒεΐιιῐιτὶ.

69 332 204 399 periti
232 327 521 394 imperitique
542 323 682 373 nandi
710 325 902 390 perinde
923 326 1230 374 attolluntur.²
1299 327 1442 379 Certo
1465 328 1606 397 anni,³

69 411 279 460 bitumen
301 405 475 471 egerit3
502 405 633 469 cujus
655 403 839 468 legendi
861 420 1018 462 usum,
1040 414 1092 452 ut
1114 414 1299 454 ceteras
1307 415 1454 466 artes,
1467 422 1608 472 expe.

69 485 232 536 rientia
253 482 425 532 docuit.
493 484 613 529 Ater
645 480 808 546 suapte
828 480 992 531 natura
1017 481 1187 546 liquor,
1217 492 1262 529 et
1297 498 1453 547 sparso
1475 494 1608 532 aceto

71 573 334 620 concretus,
369 559 568 607 innatat:
610 558 736 606 hunc
772 561 913 606 nianu
950 569 1153 622 captum,
1185 558 1353 623 quibus
1369 599 1372 602 .
1388 575 1447 607 ea
1461 603 1463 606 .
1477 574 1607 621 cura,

70 640 120 690 in
164 655 345 689 summa
398 636 525 684 navis
567 636 771 684 trahunt.
839 637 970 696 Inde,
1015 635 1145 683 nullo
1185 638 1392 701 juvante,
1439 634 1608 698 influit,

71 722 342 783 oneratque,
381 717 528 763 donec
565 714 829 763 abscindas:
866 730 952 762 nec
991 712 1258 762 abscindere
1294 730 1387 762 aere
1423 711 1610 764 ferrove

71 795 244 862 possis:
281 791 400 857 fugit
436 808 652 839 cruorem
685 802 952 856 vestemque
984 789 1201 839 infectam
1237 789 1475 856 sanguine,
1511 808 1608 856 quo

69 872 276 935 foeminae
320 886 404 934 per
439 885 619 919 menses
661 869 965 919 exsolvuntur
981 884 994 917 z
1010 870 1030 897 4
1062 867 1125 917 sie
1164 875 1341 917 veteres
1379 879 1605 920 auctores,

74 1078 124 1130 gb
141 1078 313 1124 viatores,
330 1082 366 1115 et
385 1076 439 1128 ips
442 1090 464 1114 e
483 1076 525 1114 P.
546 1076 658 1114 Nau:
687 1076 806 1114 immo
878 1076 923 1114 P.
943 1075 1050 1122 Nau,
1074 1075 1150 1114 loc.
1167 1074 1234 1114 cit.
1261 1074 1325 1112 ait
1342 1087 1460 1125 aquas
1489 1074 1607 1125 hujus

77 1140 116 1171 et
145 1133 217 1183 ipsi
243 1144 397 1182 quoque
424 1131 581 1170 Arabes.
639 1131 806 1168 Dubitat
879 1128 987 1168 lactis
1015 1129 1093 1167 sale
1128 1135 1165 1166 et
1196 1127 1452 1166 amaritudine
1484 1129 1608 1168 incre-

78 1192 206 1225 tamen
249 1185 311 1224 Cl.
342 1184 598 1234 Ilasselquist,
631 1183 707 1221 loc.
740 1185 806 1223 cit.
879 1183 990 1222 dibili
1018 1196 1095 1221 esse
1127 1182 1306 1227 infectam
1337 1182 1437 1220 unde
1469 1181 1606 1220 merit&

77 1238 183 1290 quod
201 1239 240 1277 in
268 1240 396 1277 littore
421 1238 545 1286 multa
571 1238 806 1289 reperiantur
878 1243 1038 1280 vocatur
1062 1249 1163 1275 mere
1189 1236 1293 1282 salis,
1320 1249 1422 1274 mare
1447 1236 1609 1274 salsissi-

78 1293 296 1344 conchylia.
827 1314 832 1337 f
879 1304 987 1328 mum.
1043 1290 1143 1328 Mox
1171 1290 1302 1328 subdit
1336 1289 1606 1350 experimenta,

879 1344 1019 1395 quibus
1043 1350 1198 1385 constat
1217 1343 1369 1394 peritos,
1397 1343 1608 1408 imperitos-

846 1444 848 1449 ·
880 1410 954 1448 que
982 1398 1096 1435 nandi
1127 1397 1280 1448 perinde
1299 1396 1438 1443 attolli,
1468 1403 1512 1435 ut
1539 1394 1606 1435 hic

880 1451 999 1489 tradit
1025 1452 1194 1489 'lacitue
1251 1451 1350 1488 Sane
1386 1464 1434 1487 ex
1464 1450 1607 1488 salibus

878 1505 1205 1556 sulphuribusque
1235 1504 1452 1542 amaritudo
1486 1516 1609 1555 aqua-

880 1572 1044 1609 rumque
1063 1560 1242 1609 gravitas.¹
1331 1595 1333 1597 .

934 1609 950 1632 ³
980 1613 1100 1651 Certo·
1130 1613 1231 1650 anni.
1255 1612 1388 1651 Bene:
1416 1624 1493 1651 non
1526 1616 1609 1651 toto

131 1399 147 1419 ¹
178 1401 342 1439 Incertae
360 1400 479 1439 undoe.
503 1401 553 1439 Et
565 1400 692 1451 solido
705 1399 808 1437 simi-

80 1454 147 1502 les,
166 1463 211 1492 ut
227 1468 342 1504 supra
359 1455 498 1493 Annal.
519 1467 548 1493 1.
567 1460 631 1498 70.
672 1454 807 1503 Neque

82 1508 244 1560 discerni
255 1514 433 1558 poterant
449 1509 592 1547 incerta
606 1509 650 1546 ab
666 1507 807 1552 solidis,

79 1576 196 1616 neque
218 1563 304 1600 bret
299 1561 343 1598 ia
363 1562 387 1598 ὰ
399 1562 632 1614 ptqfundis?
661 1562 806 1598 Earum
839 1531 842 1580 Ι

79 1604 247 1654 colorem
265 1623 321 1653 ter
339 1615 378 1652 in
393 1616 471 1652 sino
452 1616 558 1677 aulos
574 1616 651 1653 dics
665 1615 806 1652 mutari
839 1630 842 1662 ι

840 1663 842 1672 “
879 1666 980 1704 enim
998 1679 1109 1711 amm,
1122 1667 1186 1704 sed
1205 1674 1308 1704 certo
1323 1666 1410 1713 anjni
1426 1674 1608 1716 tempore,

80 1669 138 1708 ait
155 1669 358 1720 Josephus,
378 1648 483 1706 Bell
502 1669 595 1708 Jud.
614 1681 671 1706 1v.
703 1673 738 1706 8.
767 1681 805 1706 n.

82 1727 121 1762 4.
159 1722 271 1767 Quod
299 1723 375 1772 ipse
405 1723 595 1761 evidenter
629 1722 718 1770 vidi,
752 1722 808 1760 ait

79 1777 255 1828 princeps
285 1776 472 1823 Radzivil‚
500 1778 574 1815 loc.
592 1778 658 1815 cit.
685 1790 723 1827 p.
741 1779 808 1821 95.

81 1830 186 1874 Nam
213 1829 318 1867 mane
352 1830 507 1868 habebat
533 1844 665 1881 aquam
692 1829 811 1881 nigri-

82 1889 244 1930 cantem:
265 1883 430 1930 meridie,
446 1884 522 1922 sole
533 1884 675 1922 intenso
699 1887 812 1930 (sunt
841 1927 842 1930 Ἰ

83 1937 176 1988 enim
207 1937 349 1976 calores
386 1937 446 1975 hic
479 1937 651 1984 maximi)
687 1938 810 1975 instar
841 1961 844 1990 3

75 1991 196 2042 panni
209 1993 271 2041 fit
303 1991 484 2029 coerulea:
516 1996 602 2029 ante
630 2004 810 2038 occasum,

79 2045 145 2083 ubi
172 2044 229 2083 ’cis
259 2044 395 2082 caloris
423 2044 596 2092 remittit,
626 2051 811 2095 tamquam

82 2098 169 2137 limo
201 2099 401 2149 permixta,
438 2098 576 2137 modice}
606 2100 726 2146 rubet,
753 2099 814 2137 vel

77 2151 404 2203 potiusflavescit.

94 2235 96 2238 >
135 2202 156 2221 ²
182 2205 346 2249 Perinde
367 2205 608 2244 attolluntur.
637 2205 813 2255 Vespasi-

83 2270 190 2305 anus,
209 2259 291 2296 haec
307 2259 446 2296 visendi
467 2259 653 2304 curiosus,
681 2258 810 2297 lacum

81 2312 327 2362 Asphaltiten
353 2313 460 2358 adiit,
482 2312 674 2363 jussitque
701 2325 812 2363 quos-

81 2366 184 2414 dam,
204 2365 319 2404 nandi
338 2365 542 2418 imperitOS‚
563 2366 699 2404 vinctis
724 2374 812 2427 post

82 2426 186 2470 terga
213 2420 403 2467 manibus,
432 2421 471 2457 in
498 2419 621 2457 altum
651 2420 814 2470 projici;

83 2474 152 2524 qui
186 2486 326 2519 omnes,
368 2480 460 2511 teste
493 2472 674 2524 Josepho,
715 2473 813 2511 Bell.

81 2525 256 2565 Jud.1v.
276 2532 314 2566 8.
341 2539 491 2567 sursum
519 2526 661 2576 repulsi
687 2540 815 2578 super-

79 2587 196 2618 natam
197 2583 272 2618 ere.
327 2577 450 2621 Συνέςη
478 2579 611 2645 πάντας
643 2578 813 2626 iau-amiota·-

81 2637 151 2680 θαι,
166 2633 266 2671 κοιθίί
350 2650 415 2676 vm
440 2647 626 2684 σνενμιιτος
648 2630 714 2671 ε’ίνω
732 2638 815 2685 βιῳ-

109 2684 255 2740 minvs
265 2635 453 2733 ²'‘Pariter
486 2687 644 2733 Plinius,
677 2701 716 2725 v.
752 2685 814 2725 16'.

55 2741 322 2800 Asphaltites
355 2740 451 2779 nihil
479 2746 621 2791 proeter
653 2729 814 2782 bitumen

80 2792 238 2852 gignit,·
268 2795 364 2832 unde
390 2807 540 2833 nomen.-
572 2794 676 2833 tuuri
702 2807 818 2833 came-

29 2855 32 2858 ⁴
84 2845 183 2898 lique
194 2846 376 2898 fluitant.
432 2848 529 2886 Inde
533 2847 647 2899 fama
664 2847 791 2885 nillil
777 2861 815 2885 ιη

82 2912 126 2939 oo
152 2900 285 2953 mergi.
342 2898 539 2943 Oculatus
557 2908 687 2942 autem
717 2897 819 2941 tes'tis

879 1722 1043 1771 egeritur
1073 1720 1253 1758 bitumen.
1309 1720 1411 1762 Vide
1440 1720 1484 1758 P.
1502 1719 1610 1769 Nau,

880 1787 918 1824 p.
947 1787 1022 1824 seq.
1053 1781 1131 1812 not.
1164 1780 1198 1812 1.
1221 1773 1472 1821 laudandum.
1529 1774 1611 1811 Au-

881 1834 1015 1866 tumno
1034 1828 1132 1865 illud
1160 1827 1198 1864 in
1218 1827 1345 1877 littore
1363 1828 1495 1878 legunt
1511 1827 1612 1865 Ara-

882 1882 957 1928 bes,
989 1881 1299 1932 Damiatamque,
1319 1881 1529 1926 Domata,
1555 1881 1612 1919 fe·

880 1943 983 1982 runt,
1018 1934 1472 1986 venduntquetingendis
1500 1933 1610 1983 lanis,

879 1996 971 2028 teste
990 1989 1051 2027 Cl.
1071 1989 1323 2040 Hasselquist,
1344 1989 1418 2027 loc.
1442 1988 1507 2026 cit.
1564 1988 1612 2027 In

879 2056 951 2081 usu
980 2055 1134 2093 quoque
1161 2049 1215 2080 est
1243 2055 1311 2093 pro
1331 2043 1484 2083 navium
1506 2054 1611 2085 com-

878 2098 1028 2147 pagine,
1043 2096 1295 2147 plurimisque
1311 2109 1514 2148 corporum
1533 2109 1612 2136 me·-

884 2150 1119 2197 dicarnentis.
1194 2150 1294 2187 Vide
1327 2149 1537 2201 Josephum
1572 2156 1613 2191 et

882 2205 942 2242 Cl.
962 2204 1149 2251 Pococke,
1169 2203 1261 2241 locis
1280 2204 1346 2242 cit.
1389 2205 1512 2241 Immo
1531 2202 1612 2241 Cll.

879 2258 1060 2296 Pococke
1080 2264 1117 2295 et
1138 2257 1375 2308 Hasselquist
1391 2257 1614 2295 existimant

884 2312 1055 2351 bitumen
1102 2311 1201 2350 idem
1247 2325 1323 2355 esse
1363 2311 1614 2360 ‚eamdemque

884 2366 1135 2402 substantiam
1180 2377 1227 2402 ac
1265 2365 1488 2410 balsamum,
1535 2376 1613 2414 quo

858 2426 862 2430 ’
884 2419 1048 2463 conditae
1066 2425 1156 2456 sunt
1174 2418 1212 2455 in
1232 2419 1398 2470 AEgypto
1418 2417 1595 2456 mumiae.'

939 2471 957 2492 4
985 2472 1062 2517 Per
1079 2485 1216 2513 menses
1235 2473 1488 2510 exsolvuntur.
1518 2471 1618 2510 Haec

884 2526 1039 2577 quidem
1056 2524 1216 2573 Plinius,
1229 2537 1306 2563 vn
1327 2528 1386 2563 15.
1398 2532 1437 2563 et
1452 2535 1618 2567 xxvnx.

887 2584 926 2628 7
955 2579 1120 2626 SolinuS,
1147 2591 1232 2630 cap.
1261 2582 1299 2615 4.
1329 2580 1484 2630 ipseque
1511 2578 1617 2616 Jose-

887 2634 999 2685 phuS‚
1027 2632 1126 2680 Bell.
1154 2632 1247 2678 ‚Jud.
1270 2645 1329 2670 iv.
1359 2637 1396 2670 8.
1442 2633 1498 2669 At
1530 2631 1616 2670 vere

887 2687 1059 2735 eruditus
1081 2685 1256 2730 Kircher‚
1284 2679 1453 2724 Mundus
1471 2685 1617 2723 subter

890 2753 1034 2785 rancus,
1055 2752 1118 2778 xx.
1138 2742 1174 2779 5.
1216 2738 1308 2789 Quae
1332 2739 1494 2784 Plinius,
1521 2737 1621 2777 Soli-

889 2807 970 2839 nus,
1001 2793 1154 2832 Tacitus
1183 2792 1226 2831 de
1255 2793 1430 2831 bitumine
1453 2791 1617 2832 Judaico

889 2848 1061 2892 tradunt,
1089 2847 1187 2898 quod
1220 2846 1259 2884 in
1288 2847 1372 2885 lacu
1400 2844 1618 2896 Asphaltite

888 2900 1099 2954 colligitur,
1123 2899 1214 2940 adeo
1241 2899 1382 2941 tenacis
1409 2912 1485 2940 esse
1502 2899 1621 2938 lento·
