2210 3978
375 157 473 207 AD
510 156 639 206 Lm.
675 154 741 205 V.
779 154 953 205 1-115‘1'.
981 154 1048 204 C.
1085 153 1296 205 CORN.
1329 154 1578 205 TACITI.
1858 156 1954 217 691

12 290 134 343 quae
176 280 234 324 ut
280 271 529 324 crassiora
571 270 686 336 sint,
724 271 828 323 duo
871 267 1027 322 triave
1070 268 1202 321 folia
1248 269 1559 340 agglutinata
1600 280 1733 324 sunt.
1808 271 1954 328 Nam

18 362 192 417 Judaei
217 373 419 416 tenuem
449 362 737 416 Sinensium
765 362 992 415 chartam
1019 359 1240 414 alumine
1266 380 1367 414 non
1390 361 1611 429 illinunt,
1632 373 1706 432 ¹ut
1732 364 1954 437 utraque

16 473 81 509 ex
120 466 267 524 parte
306 454 503 523 possint
540 455 778 508 scribere.
854 451 1055 523 Singuli
1080 453 1154 506 illi
1179 452 1296 507 libri
1321 454 1456 508 circa
1480 455 1702 509 mediam
1726 457 1949 527 primam

18 546 257 617 paginam
305 547 493 599 habent
541 546 840 600 tesserulam
898 544 1131 610 sericam,
1179 546 1408 614 viridem,
1457 546 1815 617 coeruleamve,
1861 563 1951 606 aut

19 638 212 703 albam,
259 639 310 691 in
352 639 455 709 qua
493 638 659 708 prima
698 659 795 691 vox
836 637 974 703 libri,
1012 656 1102 690 seu
1136 638 1395 706 sectionis,
1438 651 1517 693 est
1554 641 1797 711 inscripta
1838 642 1945 696 sine

21 731 243 799 punctis·
276 729 556 783 vocalibus·
633 730 846 784 Primus·
888 730 1037 794 liber,
1083 749 1171 783 seu
1209 730 1376 801 prima
1421 733 1579 785 sectio
1625 732 1801 804 Legis,
1828 735 1949 793 ,hac

24 824 195 876 forma
226 823 470 893 inscripta
494 838 570 880 est
606 817 894 899 muntenni.
970 823 1234 875 Secundus
1258 820 1407 891 liber,
1432 845 1520 878 seu
1546 828 1769 880 secunda
1792 828 1953 882 sectio

1643 933 1839 1033 ΠΙ.
1877 954 1952 1007 Et

25 1049 99 1102 sic
125 1051 189 1102 de
213 1049 412 1109 ceteris.
487 1048 605 1101 Vox
634 1057 824 1113 autem,
849 1046 900 1098 in
926 1048 1095 1117 prima
1122 1048 1311 1118 pagina
1337 1048 1407 1102 sic
1430 1048 1689 1120 inscripta,
1715 1051 1766 1102 in
1789 1052 1951 1105 alterii

21 951 321 1022 inscriptum
346 952 499 1003 habet
523 932 654 1035 iffi!-
728 948 937 1001 Tertius
961 948 1108 1014 liber,
1142 969 1231 1002 seu
1255 949 1402 1003 tertia
1428 953 1607 1017 sectio,

25 1142 423 1211 sequentibusve
458 1139 673 1210 paginis,
708 1138 841 1191 tituli
880 1139 1008 1206 vice,
1043 1159 1144 1192 non
1183 1140 1446 1210 repetitur.
1522 1142 1744 1211 Singulae
1780 1155 1950 1197 autem

22 1232 145 1286 libri
169 1233 365 1304 paginae
389 1253 492 1286 non
518 1233 796 1301 signantur,
822 1242 878 1283 ut
915 1231 967 1283 in
1000 1232 1182 1284 nostris
1211 1225 1415 1298 Bibliis,
1442 1232 1599 1286 literis
1622 1237 1667 1300 2,
1690 1240 1751 1299 2,
1779 1239 1837 1299 ἃ,
1863 1237 1955 1288 sed

22 1328 235 1397 integris
275 1327 485 1380 vocibus
523 1311 667 1390 wbw,
692 1329 850 1389 ww,
875 1330 1019 1389 717⁸,
1057 1325 1109 1377 id
1148 1336 1240 1390 est,
1269 1326 1467 1395 prima,
1505 1327 1740 1394 secunda,
1780 1328 1956 1394 tertia,

25 1421 115 1483 δῖε.
191 1419 414 1473 Numeri
457 1430 630 1472 autem
674 1416 748 1468 illi
784 1415 836 1467 in
868 1416 1072 1468 summa
1099 1416 1306 1486 quidem
1344 1418 1545 1486 pagina,
1582 1420 1672 1472 sed
1695 1419 1950 1486 interiore,

24 1532 131 1566 non
170 1512 308 1579 vero,
344 1522 403 1564 ut
446 1511 584 1580 atpsud
624 1528 735 1574 nos,
779 1508 1046 1573 exteriore,
1085 1509 1389 1562 scribuntur.
1466 1510 1732 1564 Sectiones
1779 1524 1952 1566 autem

26 1603 186 1674 Legis
224 1605 416 1656 eaedem
458 1612 575 1655 sunt
613 1614 764 1671 atque
790 1601 841 1652 in
882 1599 1064 1652 nostris
1102 1587 1305 1654 Bibliis.⁸
1377 1603 1765 1656 Tantummodo
1791 1623 1855 1657 ex
1882 1613 1953 1659 5⁶2.

25 1707 79 1750 et
103 1704 191 1750 53.
217 1695 528 1748 sectionibus
555 1713 706 1747 unam
744 1693 1020 1745 sectionem
1045 1693 1269 1754 efficiunt
1291 1694 1326 1748 J
1334 1695 1462 1747 udaei
1495 1694 1748 1748 Sinenses.
1823 1695 1954 1765 Inde

26 1807 123 1841 nos
147 1806 476 1840 numeramus
503 1795 590 1840 54.
617 1786 864 1838 sectiones
886 1784 1061 1854 Legis,
1086 1784 1184 1854 ipsi
1207 1786 1327 1838 vero
1353 1794 1441 1840 53.
1466 1801 1765 1841 numerant:
1791 1788 1952 1841 soliti-

29 1901 132 1951 que
159 1890 275 1933 sunt
297 1879 463 1931 dicere
489 1898 543 1931 se
566 1879 754 1957 habere
783 1876 933 1949 King
957 1896 1022 1929 ou
1047 1877 1135 1930 che
1157 1896 1251 1930 san
1279 1877 1470 1944 Kiueu,
1508 1879 1560 1931 id
1583 1891 1676 1945 est,
1703 1880 1953 1950 quinqua-

27 1973 168 2043 ginta
189 1983 288 2024 tres
307 1981 494 2040 parteS,
521 1981 606 2023 aut
630 1970 807 2035 libros,
834 1969 1096 2038 scripturae
1115 1970 1389 2023 canonicae.
1452 1970 1516 2022 In
1540 1970 1599 2023 iis
1623 1971 1764 2024 libris
1787 1992 1954 2043 appo-

10 2065 124 2119 sita
147 2075 263 2118 sunt
286 2062 492 2138 singuiis
517 2063 728 2115 vocibus
754 2072 947 2131 puncta
981 2061 1197 2115 vocalia.
1272 2062 1435 2115 Iidem
1461 2063 1652 2116 habent
1674 2064 1954 2133 phethuras

29 2168 85 2210 et
114 2158 403 2223 sethumas;
428 2143 516 2208 sed
543 2155 711 2207 literas
747 2170 784 2218 Ξ
810 2164 861 2205 et
878 2168 916 2215 D
942 2142 1446 2225 neque'disjungunt,
1473 2174 1640 2224 neque
1666 2155 1954 2223 triplicant;

29 2248 351 2321 conjunctim
377 2262 570 2317 semper
598 2248 787 2299 habent
808 2245 915 2311 '02
942 2246 1021 2299 vel
1048 2255 1138 2308 PU
1159 2268 1170 2300 :
1200 2247 1352 2315 idque
1377 2247 1550 2299 nonin
1574 2247 1689 2315 ipso
1715 2259 1875 2314 textu,
1896 2258 1954 2301 ut

31 2341 186 2411 vulgo
222 2341 501 2411 loquimur,
550 2338 800 2403 inseritur,
851 2341 940 2391 sed
980 2339 1031 2391 in
1069 2339 1294 2408 margine
1342 2340 1635 2409 apponitur.
1708 2339 1772 2394 ln
1819 2341 1954 2394 libro

16 2434 219 2504 ,prim0,
245 2453 334 2486 seu
359 2432 582 2486 sectione
611 2431 867 2496 Beresiclz,
893 2442 1070 2511 quater
1091 2443 1293 2484 notatur
1316 2430 1423 2494 'off
1502 2431 1736 2485 Primum
1776 2453 1960 2486 occur-

31 2527 98 2579 rit
134 2526 185 2577 in
222 2526 391 2595 capite
430 2524 598 2594 primo
642 2523 861 2575 Genesis
904 2534 1021 2576 ante
1058 2543 1260 2577 versum
1312 2531 1392 2576 10.
1430 2526 1582 2595 juxta
1627 2522 1956 2579 ccmmuuem

34 2614 267 2672 nostrum
304 2617 557 2669 dividendi
600 2618 841 2669 modum:
896 2617 1175 2668 secundum
1213 2627 1327 2668 ante
1364 2636 1564 2668 versum
1604 2625 1691 2676 27.
1727 2619 1956 2689 ejusdem

35 2711 248 2781 capitis:
305 2710 511 2763 tertium
552 2720 667 2761 ante
705 2728 905 2761 versum
945 2717 1033 2761 21.
1077 2709 1256 2778 capitis
1298 2709 1533 2762 secundi:
1573 2711 1807 2779 quartum
1842 2722 1957 2763 ante

31 2823 237 2856 versum
271 2811 350 2856 14.
377 2802 510 2856 tertii
534 2802 733 2871 capitis.
810 2801 1007 2854 Praeter
1038 2802 1147 2853 haec
1172 2812 1392 2870 quatuor
1417 2801 1523 2873 'Dp-5,
1554 2803 1675 2855 nihil
1707 2803 1844 2878 aliud
1882 2816 1961 2857 est

34 2897 87 2949 in
112 2899 212 2949 hoc
238 2898 407 2965 primo
431 2895 583 2960 libro,
603 2915 691 2947 seu
709 2894 876 2963 prima
901 2893 1143 2958 sectione,
1164 2893 1299 2945 nulla
1326 2905 1444 2946 nota
1468 2895 1680 2964 margini
1703 2897 1960 2965 apposita,

35 2989 176 3042 nulla
199 2986 475 3052 intervalla,
511 2987 661 3039 nullae
689 2986 977 3038 divisiones.
1052 2985 1116 3037 In
1149 2986 1250 3037 fine
1277 2998 1448 3038 tamen
1473 2987 1782 3056 singularum
1807 2989 1960 3056 phra-

35 3081 167 3135 sium
194 3091 520 3150 apponuntur
540 3079 792 3148 pesulsz'm,
818 3098 906 3130 seu
930 3079 1033 3130 duo
1059 3089 1279 3147 puncta:
1320 3098 1434 3147 quae
1460 3079 1558 3148 ipsi
1584 3091 1766 3131 vocant
1800 3079 1958 3134 Kela.

38 3172 305 3229 Numerus
343 3191 597 3236 versuum,
636 3171 818 3240 quibus
845 3170 1059 3240 quisque
1084 3169 1230 3235 liber,
1269 3189 1360 3222 seu
1401 3164 1618 3240 quaeque
1656 3171 1813 3224 sectio
1836 3191 1960 3225 con-

39 3277 154 3329 stat,
175 3265 225 3317 in
249 3264 351 3317 fine
375 3263 490 3316 libri
514 3262 833 3332 exprimitur.
912 3263 997 3314 Sic
1024 3263 1074 3314 in
1111 3262 1213 3314 fine
1239 3261 1371 3326 libri,
1397 3282 1488 3314 seu
1525 3262 1764 3315 sectionis
1802 3262 1961 3316 Bere·-

39 3357 160 3420 sicli,
185 3356 368 3425 legitur
394 3361 512 3424 ἸῒΞΡ,
552 3354 603 3407 id
645 3366 738 3421 est,
779 3375 950 3407 versus
1000 3356 1115 3407 146.
1190 3353 1251 3405 In
1291 3353 1403 3428 fine*
1436 3354 1643 3407 secundi
1689 3354 1824 3420 libri,
1870 3375 1961 3408 seu

41 3448 281 3521 pectionis
310 3447 510 3512 Noach,
537 3446 720 3515 legitur
744 3451 866 3515 ΜΡ,
894 3445 943 3499 id
965 3457 1063 3511 est,
1089 3465 1258 3498 versus
1293 3452 1407 3511 143.
