1786 3204
28 174 70 216 J.
87 175 134 218 C.
152 170 222 220 69.
375 168 765 209 HISTORIARUM
794 167 959 206 LIBER
988 167 1291 223 SECUKDUS.
1498 176 1580 216 127

27 292 172 329 onem
188 284 479 333 castrorum:
515 271 653 320 simul
670 271 928 325 voluntaria
950 270 1122 319 deditio
1144 273 1428 337 sperabatur.
1487 276 1582 323 Sed

28 353 316 426 expeditis,
311 363 367 406 et
408 351 595 400 tantum
631 350 701 411 ad
728 349 964 414 ‚praelium
975 349 1193 415 egressis,
1238 351 1583 406 munimentum
1638 346 1640 348 ¹

28 429 171 498 fuere
184 446 314 493 arma
342 440 390 477 et
417 427 628 491 victoria.-
689 424 882 487 Postera
904 425 1018 485 die,
1030 426 1156 474 haud
1183 427 1422 493 ambigua
1423 429 1593 477 otho.
1619 462 1621 465 -

30 500 173 578 piani
199 507 435 567 exercitus
477 488 732 563 voluntate,
779 516 842 566 et,
887 503 968 569 qui
1003 502 1254 552 ferociores
1280 502 1482 565 fuerant,
1520 509 1583 556 ad

20 569 370 655 'poenitentiam
383 582 722 646 inclmantibu8‚
755 581 892 644 missa
927 581 1138 647 legatio,
1148 599 1235 630 nec
1274 583 1399 646 apud
1437 584 1583 634 duces

33 663 304 731 Vitellianos
366 660 647 723 dubitatum,
713 659 969 724 quominus
1025 676 1189 724 pacem
1256 661 1583 715 concederent.

37 721 211 817 Legati.
207 720 471 806 paulisper
466 738 662 787 retenti:
700 754 753 785 ea
775 754 850 785 res
876 736 1211 792 haesitationem
1222 737 1425 798 attulit,
1411 740 1582 804 ignaris

29 818 207 867 adhuc¹
244 833 303 864 an
341 815 676 880 impetrassent.
746 816 868 862 Mox
912 813 1104 862 remissa
1140 815 1386 880 legatione,
1435 818 1583 881 patuit

29 895 222 944 vallum.
290 895 420 941 Tum
441 891 548 941 victi
570 892 860 956 victoresque
885 891 935 939 in
968 891 1194 957 lacrymas
1225 892 1375 952 effusi,
1407 907 1582 943 sortem

33 972 240 1021 civilium
261 987 500 1018 armorum
523 968 690 1018 misera
714 967 871 1032 laetitia
889 970 1176 1017 detestantes.
1244 970 1413 1018 Iisdem
1435 982 1584 1020 tento-

31 1049 157 1114 riis,
183 1049 258 1097 alii
302 1047 519 1135 fratrum,
576 1047 650 1112 alii
696 1046 1068 1112 propinquorum
1107 1047 1302 1095 vulnera
1345 1047 1580 1099 fovebant.

35 1110 163 1194 Spes
174 1137 222 1174 et
243 1125 433 1191 praemia
455 1125 502 1172 in
520 1125 770 1191 ambiguo·
758 1161 772 1185 ‚
787 1128 803 1146 ²
838 1135 962 1173 certa
990 1123 1156 1173 funera
1177 1136 1223 1173 et
1245 1126 1411 1175 luctus.
1479 1128 1584 1177 Nec

33 1203 283 1272 quisquam
294 1203 412 1251 adeo
427 1202 536 1250 mali
550 1219 734 1267 expers,
749 1213 800 1250 ut
813 1218 910 1249 non
922 1201 1121 1269 aliquam
1135 1214 1334 1251 mortem
1348 1216 1583 1253 moereret.

38 1281 337 1347 Requisitum
362 1264 577 1368 orphidii
595 1280 739 1346 legati
753 1296 943 1345 corpus,
975 1280 1155 1328 honore
1176 1280 1313 1328 solito
1335 1293 1582 1331 crematur.

35 1357 217 1410 Paucos
260 1358 499 1407 necessarii
543 1358 752 1422 ipsorum
811 1357 1093 1422 sepelivere:
1150 1368 1359 1407 ceterum
1397 1360 1585 1426 vulgus,

38 1453 181 1503 super
202 1436 403 1484 humum
427 1435 656 1499 relictum.

106 1597 187 1639 46.
225 1592 649 1640 OPPERIEBATUR
676 1590 806 1639 Otho
828 1589 1044 1640 nuntium
1066 1607 1257 1658 pugnae,
1289 1608 1585 1658 nequaquam

38 1669 263 1733 trepidus,
311 1681 357 1717 et
395 1669 571 1723 consilii
604 1680 792 1717 certus:
830 1680 996 1717 moesta
1038 1670 1248 1734 primum
1287 1668 1428 1729 fama,
1478 1671 1586 1720 dein

39 1744 229 1819 profugi
252 1746 279 1795 ὲ
318 1747 479 1814 praelio
509 1746 709 1812 perditas
731 1763 806 1794 res
832 1745 1126 1811 patefaciunt.
1193 1748 1308 1796 Non
1330 1748 1587 1812 expectavit

39 1823 239 1873 militum
253 1825 393 1873 ardor
405 1841 570 1873 vocem
577 1825 892 1888 Imperatoris:
919 1829 948 1851 “
964 1826 1142 1873 bonum
1156 1825 1326 1873 habere
1342 1825 1586 1874 animum’'

33 1895 282 1969 jubebant:
318 1906 352 1930 “
377 1918 614 1966 superesse
647 1902 799 1950 adhuc
823 1918 965 1950 novas
986 1901 1125 1961 vireS,
1159 1913 1205 1950 et
1233 1902 1356 1967 ipsos
1378 1915 1588 1953 extrema

42 1982 74 2021 .“
107 1972 339 2043 passuros,
357 1995 642 2045 ausurosque
659 1981 709 2028 :''
734 1997 887 2045 neque
904 1991 1002 2028 erat
1017 1980 1233 2030 adulatio.
1267 1982 1341 2029 Ire
1357 1980 1406 2028 in
1422 1981 1587 2041 aciem,

39 2055 241 2104 excitare
274 2057 477 2123 partium
511 2055 764 2116 fortunam,
812 2056 974 2107 furore
1013 2058 1218 2123 quodam
1268 2069 1316 2106 et
1368 2058 1587 2107 instinctu

40 2124 323 2198 flagrabant:
390 2134 471 2198 qui
515 2135 681 2201 procul
725 2135 1007 2194 adstiterant,
1062 2136 1253 2184 tendere
1304 2152 1487 2196 manus,
1542 2150 1589 2186 et

41 2210 244 2277 proximi
279 2228 496 2276 prensare
513 2247 515 2249 >
531 2230 714 2279 genua;
764 2213 1076 2278 promtissime
1113 2213 1265 2262 Plotio
1301 2213 1476 2262 Firmo.
1544 2216 1590 2263 Is

40 2284 245 2353 praetorii
288 2288 553 2353 praefectus,
601 2290 872 2357 idemtidem
922 2293 1099 2350 orabat,
1154 2294 1183 2316 “
1215 2307 1276 2340 ne
1314 2291 1589 2341 fidissimum

43 2369 80 2396 “
114 2365 388 2426 exercitum,
424 2384 484 2415 ne
507 2367 681 2431 optime
704 2369 894 2417 meritos
927 2369 1093 2418 milites
1116 2357 1378 2416 desereret:
1414 2370 1594 2434 majore

42 2443 80 2502 ‘.‘·
110 2441 267 2509 animo
289 2444 474 2515 tolerari
490 2447 712 2513 adyersa‚³
738 2445 883 2513 quam
898 2444 1339 2512 relinqui,⁴forteset
1359 2454 1590 2506 strenuos,

101 2629 115 2649 ¹
146 2630 304 2682 Ignaris
319 2633 638 2685 adhuc.1‹rna11s
654 2635 783 2674 adhuc
909 2633 925 2658 ³
943 2635 1035 2687 Ma
1036 2649 1101 2675 ore
1116 2634 1236 2675 animo
1250 2634 1410 2674 tolerem·
1421 2635 1594 2675 adversa.

47 2683 281 2726 Othonianis
294 2699 343 2724 an
358 2700 493 2738 pacem
511 2689 784 2740 impetrassent.
857 2690 958 2728 Vere
989 2688 1212 2740 egregieque
1246 2689 1411 2731 dictum.
1468 2690 1594 2728 Miror

50 2737 150 2777 Mox
169 2737 322 2779 'remisse
336 2740 536 2791 legatione,
555 2743 683 2793 patuit
707 2744 787 2782 val·
856 2743 1053 2782 eruditum
1079 2743 1254 2793 Lipsium
1274 2739 1340 2781 hic
1357 2743 1592 2793 patrocinari

48 2789 146 2846 lum,
165 2795 396 2844 exceptique
411 2795 624 2835 Vitelliani.
859 2797 1012 2840 Stoicis,
1039 2796 1107 2847 qui
1141 2808 1247 2834 coeco
1274 2796 1401 2834 furore
1431 2808 1594 2835 morum

63 2861 72 2877 1
103 2840 124 2881 ².
161 2845 188 2882 I
188 2860 212 2884 n
239 2848 426 2899 ambiguo·
472 2851 534 2889 Ob
568 2851 786 2900 superstites
857 2852 1090 2911 quaerebant,
1098 2851 1307 2888 neadversa
1317 2850 1594 2900 experirentur.

77 2898 220 2940 artium
242 2901 362 2941 duces
380 2902 572 2944 Othonem
599 2913 639 2944 et
664 2904 788 2945 Vitel—
861 2903 950 2943 Hac
966 2905 1012 2942 de
1023 2905 1165 2956 rojam
1168 2905 1317 2941 dictum
1331 2916 1447 2954 supra
1461 2904 1501 2942 in
1513 2904 1592 2943 not.

50 2951 165 2993 ium.
858 2965 897 2999 et
902 2958 1063 3000 emend.
1079 2958 1133 2998 ad
1148 2948 1291 3004 Annal.
1311 2969 1371 2996 v1.
1390 2961 1457 3002 29.
