2210 3978
413 180 511 230 AD
544 178 670 228 LIB.
708 179 775 229 V.
815 178 985 229 His'r.
1023 181 1079 229 C.
1106 179 1315 229 CORN.
1337 179 1587 230 TACITI.
1881 179 1983 230 68³

31 325 146 396 ⁴tas,
183 326 240 371 ut
264 317 314 370 in
339 306 438 373 liae
459 304 618 374 ¹unica
644 318 911 397 obsidione
935 322 995 391 (J
1000 325 1177 393 oseph.
1203 328 1241 354 “
1265 321 1399 375 Bell.
1426 321 1458 376 J
1467 321 1585 373 ud.''
1613 338 1695 374 vr.
1724 322 1785 382 ⁷9.
1825 339 1875 372 n.
1905 324 1984 387 3.)

48 409 290 479 perierint
324 411 629 467 Judaeorurn
673 416 913 468 undecies
946 427 1162 469 centena
1203 414 1379 479 millia,
1434 420 1526 467 τῶν
1568 414 1614 465 δὲ
1658 411 1983 480 ἀπολουμένων

49 505 186 562 κατὰ.
203 507 367 557 πᾶσαν
389 506 768 581 τῆν’πολιοξκῖαν
791 509 1007 582 μυριάδες
1033 507 1202 560 ἑκατδν
1229 507 1306 559 καὶ
1337 505 1450 559 ’δέκα
1513 534 1527 548 ·
1547 534 1560 547 ·
1579 532 1593 547 ·
1612 534 1626 547 ·
1685 513 1704 557 l
1714 512 1984 570 ,100,000.

125 593 308 666 Captis
346 597 632 670 excisisque
675 599 1070 668 Hierosolymis,
1124 602 1227 652 duo
1271 600 1434 652 adhuc
1473 601 1747 651 manebant
1784 597 1820 651 J
1827 596 1981 649 udaeis

50 673 303 758 praesidia,
346 689 643 745 Machaerus
685 704 735 745 et
780 692 1015 758 Masada,
1070 692 1429 744 Machaerunte
1479 691 1536 755 (J
1542 691 1722 759 oseph.
1780 695 1815 721 “
1843 689 1980 742 Bell.

50 779 88 838 J
94 781 208 834 ud.’'
235 800 344 834 vu.
369 784 418 835 6.
459 803 508 836 n.
534 791 610 853 4.)
649 784 768 838 caesi
793 785 826 838 J
835 785 965 837 udaei
990 783 1128 836 mille
1154 794 1206 836 et
1231 783 1554 852 septingenti,
1593 785 1663 835 ἐπὶ
1685 785 1779 843 τοῖς
1802 781 1980 854 χιλίοις

51 874 319 927 ἑπτακόσιοι
391 904 1448 922 ..............................
1466 948 1469 949 ⁷
1469 902 1736 919 ........
1807 884 1824 925 1
1837 881 1979 938 ,70st

125 964 188 1018 In
229 967 361 1020 saltu
402 967 587 1022 Jardes
624 968 685 1033 (J
691 969 869 1038 oseph.
895 967 1017 1019 ibid.
1043 987 1092 1018 n.
1119 971 1193 1034 5.)
1237 966 1611 1036 Hierosolymis
1653 977 1704 1017 et
1743 965 1981 1018 Machm-

50 1070 197 1111 runte
224 1059 550 1128 fugitivorum
576 1080 707 1114 caesa
733 1062 825 1129 tria
849 1060 1026 1126 millia,
1062 1060 1347 1133 τρισχιλίων
1413 1089 1427 1103 ·
1447 1089 1461 1103 ·
1484 1087 1500 1105 ο
1518 1088 1533 1103 ·
1556 1089 1571 1103 ·
1590 1088 1604 1102 ·
1628 1087 1643 1102 ·
1661 1088 1676 1102 ·
1700 1087 1715 1101 ·
1733 1087 1748 1102 ·
1797 1065 1976 1121 3,000.

77 1176 84 1181 ·
126 1149 357 1205 Masadae
399 1153 644 1224 (Joseph.
690 1171 800 1205 vn.
838 1162 889 1212 9.
944 1172 994 1204 n.
1043 1157 1111 1220 l.)
1154 1152 1323 1206 Judaei
1360 1171 1554 1217 omnes,
1590 1171 1673 1206 ,ηε
1712 1150 1760 1202 in
1801 1168 1977 1201 manus

46 1239 412 1298 Romanorum
438 1245 679 1310 venirent,
718 1265 770 1297 se
797 1244 895 1314 ipsi
921 1244 1174 1314 perimunt
1212 1245 1453 1315 nongenti
1496 1262 1709 1297 numero
1745 1253 1798 1294 et
1835 1260 1979 1293 sexa-

52 1332 211 1403 ginta,
250 1336 471 1401 ἑξῆκοντα
494 1340 605 1410 πρὸς
630 1341 725 1399 τοῖς
753 1337 1027 1399 ἐννακοσῖοις
1083 1362 1800 1378 ······················
1851 1335 1978 1413 969.

128 1425 361 1495 Cyrenen
401 1450 562 1501 usque
605 1431 849 1500 (Josepb.
883 1435 917 1460 “
945 1428 1080 1482 Bell.
1111 1428 1145 1482 J
1154 1428 1273 1480 ud.’'
1314 1444 1422 1478 vn.
1454 1434 1536 1477 11.
1574 1444 1625 1477 n.
1651 1432 1729 1493 2.)
1769 1425 1979 1479 Judaici

51 1517 178 1572 belli
216 1521 359 1574 furor
384 1523 642 1592 pervasit3
695 1522 870 1594 ibique
918 1541 1051 1574 caesa
1091 1520 1392 1574 Judaeorum
1430 1518 1524 1571 tria
1562 1517 1739 1581 millia,
1783 1541 1980 1591 τρισχι-

43 1609 180 1674 λίους
245 1639 1130 1656 ...........................
1131 1616 1140 1623 ’
1150 1636 1769 1652 ...................
1815 1618 1978 1663 3000,

130 1702 289 1755 Nunc
315 1702 432 1755 vero
458 1702 499 1754 si
525 1723 767 1768 summas,
805 1700 836 1753 a
858 1702 893 1755 J
900 1702 1096 1771 osepho
1122 1700 1414 1769 singulatim
1442 1719 1723 1769 expressas,
1761 1703 1984 1773 college-

55 1794 230 1861 rimus,
267 1796 650 1848 interfectorum
676 1795 772 1848 erit
794 1813 1035 1846 numerus
1089 1818 1604 1837 ················
1683 1802 1981 1861 1,378,910.

131 1887 209 1954 Si,
243 1909 356 1960 quae
398 1888 663 1958 Josephus
710 1887 988 1956 generatim
1047 1884 1190 1949 dixit,
1230 1883 1659 1950 aestimaverimus,
1698 1888 1815 1940 sane
1847 1889 1982 1941 haud

58 1981 327 2052 pauciores
351 1981 387 2035 J
393 1981 523 2034 udaei
548 1991 661 2033 toto
686 1981 784 2033 hoc
825 1978 966 2031 bello
994 1977 1206 2046 periere,
1246 1974 1402 2047 quam
1438 1976 1591 2029 vicies
1631 1990 1844 2032 centena
1868 1981 1983 2034 mil-

53 2071 122 2126 lia
167 2093 1622 2115 ............................................
1673 2078 1981 2137 2,000,000,

134 2163 376 2233 Denique
435 2171 730 2231 reputemus
788 2160 950 2229 (qnod
996 2159 1108 2228 jam
1151 2157 1443 2210 monuimus
1484 2159 1535 2210 in
1574 2160 1879 2232 Appendice
1916 2168 1980 2218 ad

59 2255 408 2310 Historiarum
451 2253 640 2305 librum
670 2271 721 2303 v.
760 2258 831 2304 42
873 2261 925 2301 et
962 2257 1074 2318 43.)
1110 2249 1427 2318 captivorum
1468 2254 1739 2321 nonaginta
1778 2270 1976 2326 septem

58 2347 237 2413 millia,
274 2347 527 2399 venditam
555 2357 759 2407 terram,
797 2344 832 2397 J
839 2345 1028 2407 udaeos,
1065 2342 1379 2412 ubicumque
1403 2342 1453 2394 in
1494 2344 1735 2398 Romano
1760 2347 1979 2418 imperio

59 2441 318 2510 degerent,
354 2437 477 2492 Jovi
519 2435 819 2507 Capitolino
858 2435 1103 2488 tributum
1163 2434 1357 2486 solvere
1399 2436 1591 2505 jussos,
1647 2458 1706 2491 ac
1757 2443 1978 2509 tandem,

59 2531 236 2606 quales
257 2531 560 2601 praedixerat
577 2531 734 2594 Osee,
757 2547 853 2581 111.
879 2537 932 2582 4.
952 2532 1033 2580 οὐκ
1054 2526 1175 2588 ὄντος
1191 2527 1446 2593 βασιλέως,
1474 2530 1526 2583 ου’
1531 2531 1575 2582 δὲ
1595 2529 1716 2595 ὄντος
1735 2531 1981 2607 ἄρχοντος,

59 2626 157 2677 οὐδὲ
199 2622 333 2687 οὔσης
371 2623 548 2688 θυσίας,
588 2624 686 2674 οὐδὲ
726 2619 848 2682 ὅντοζ
880 2620 1226 2691 θυσιαστηρίῡυ,
1266 2622 1363 2672 οὐδὲ
1402 2623 1643 2694 ῖερατείας,
1682 2629 1778 2679 οὐδὲ
1814 2629 1977 2694 δήλων.

40 2721 93 2786 .,“
118 2715 227 2790 sine
242 2700 385 2785 rege,
423 2727 475 2768 et
509 2715 614 2767 sine
660 2713 907 2783 principe,
946 2724 996 2765 et
1040 2713 1146 2764 sine
1190 2713 1457 2779 sacrificiO,
1495 2726 1546 2767 et
1586 2717 1692 2770 sine
1731 2718 1894 2785 altari,
1929 2734 1981 2775 et

60 2808 167 2879 sine
190 2809 378 2878 ephod,
402 2820 453 2861 et
474 2809 580 2861 sine
604 2807 940 2876 theraphim.’'
1016 2805 1213 2857 Eventa
1236 2805 1340 2871 illa,
1367 2807 1550 2876 quibus
1575 2810 1710 2862 nulla
1735 2831 1978 2883 umquam

61 2901 273 2954 extitere
294 2885 570 2969 illustriora
610 2912 661 2953 et
697 2897 976 2963 testatiora,
1015 2899 1176 2949 immo
1221 2917 1440 2968 quorum
1482 2902 1782 2972 nosmetipsi
1826 2915 1979 2963 testes

38 2977 255 3062 isumus,
291 3014 411 3046 cum
435 2993 681 3046 vaticiniis
708 2991 961 3053 DanieliS,
1003 3008 1089 3042 IX.
1133 2992 1205 3043 ‘26
1248 3001 1299 3042 et
1335 2999 1422 3049 27.
1460 2993 1719 3064 ipsiusque
1760 2996 1981 3066 Moysis,

47 3085 150 3157 ÷qui
174 3086 225 3138 in
254 3085 631 3138 Deuteronom.
661 3101 896 3139 xxvul.
922 3084 993 3135 46
1037 3094 1087 3134 et
1113 3102 1217 3151 seq.
1292 3082 1326 3136 J
1335 3085 1566 3137 udaicam
1605 3088 1733 3140 hanc
1774 3089 1980 3143 calami·

47 3188 219 3249 <tatem
246 3198 346 3230 non
371 3189 474 3230 tam
503 3176 752 3247 praedixit,
791 3174 947 3246 quam
975 3175 1257 3258 descripsit,
1295 3178 1646 3245 conferamus3
1685 3191 1836 3250 atque
1858 3182 1979 3234 nihil

63 3289 173 3323 esse
197 3269 439 3339 religione
466 3269 682 3320 divinius
705 3270 972 3320 fateamur.
1757 3340 1759 3344 ι

41 3427 47 3432 1
132 3361 388 3433 ¹Impetus,
464 3360 547 3414 Ita
587 3361 758 3413 MSS.
787 3359 926 3413 Flor.
953 3358 1103 3412 Harl.
1143 3359 1298 3411 Bodl.
1323 3359 1435 3413 Jes.
1472 3359 1652 3415 Guelf.
1682 3363 1909 3419 Pichena
1932 3378 1983 3420 et

69 3454 390 3506 recentiores.
465 3452 528 3505 In
558 3453 685 3505 MS.
715 3452 848 3521 Reg.
872 3464 924 3504 et
949 3452 1256 3504 editionibus
1285 3453 1556 3517 veteribus,
1579 3455 1837 3527 impetum.

1136 3543 1160 3551 μ
