1786 3204
162 161 241 203 263
660 160 707 199 C.
737 158 1006 199 CORNELII
1034 159 1226 202 TAcrrr
1411 162 1466 202 A.
1483 161 1536 203 15.
1552 162 1601 204 C·
1618 166 1726 231 m:

107 256 110 259 ’
149 272 187 296 ⁶‘
218 266 429 316 tolerare.
504 265 618 312 Non
659 261 805 328 magis
840 261 924 311 sua
963 262 1172 312 oratione
1193 267 1205 286 ¹
1241 264 1516 328 Thraseam,
1560 266 1724 335 quim·

152 349 189 374 “
216 340 393 411 judicio
408 340 601 390 ‘senatus
622 338 875 389 adflictum.
945 339 1180 389 Saevitiam
1201 336 1424 403 Neronis,
1445 360 1532 409 per
1550 344 1728 412 hujus-2

153 427 191 452 “
223 421 351 470 modi
366 418 589 484 imagines
603 419 621 439 ²
653 416 890 488 inlusisse:
927 432 1014 464 nec
1038 417 1196 466 minus
1226 418 1311 468 sibi
1346 420 1533 471 anxiam
1566 422 1709 478 talem

156 505 196 530 ‘⁶
227 497 490 555 amicitiam,
549 494 715 560 quam'
745 493 841 545 aliis
885 494 1093 543 exilium.
1175 495 1396 562 Denique
1439 497 1723 560 constantia,
1779 558 1786 566 ι

158 582 196 606 ‘⁶
229 574 517 632 fortitudine,
536 571 790 622 Catonibus
807 583 854 620 et
883 571 1043 622 Brutis
1062 585 1330 638 aequaretur
1350 575 1596 631 Helvidius
1609 593 1625 626 ε
1646 593 1711 630 :se

161 659 198 683 ‘⁶
233 668 380 701 unum
403 667 500 702 esse
530 667 590 698 ex
624 649 707 697 illo
745 660 924 708 senatu,
958 649 1038 715 qui
1072 649 1211 699 simul
1250 651 1470 704 servierit.
1505 653 1714 710 Suadere

123 721 125 724 ⁵
162 736 199 763 “
232 730 370 780 etiam
391 728 567 786 Prisco,
606 744 666 775 ne
688 743 827 791 supra
848 725 1111 791 Principem
1132 729 1389 789 scanderet,
1421 746 1482 780 ne
1504 729 1725 796 Vespasio

165 814 201 841 “
234 799 376 857 anum
414 822 575 854 senem
610 804 972 868 triumphalem,³
987 806 1219 870 juvenum
1241 806 1495 857 liberorum
1515 819 1725 873 patrem,-

165 891 201 916 “
222 883 476 950 'praeceptis
514 894 762 934 coerceret.
834 882 1091 946 Quomodo
1127 884 1333 948 pessimis
1354 885 1723 950 Imperatoriboe

165 969 203 996 ‘⁶
234 963 332 1012 sine
371 962 465 1009 fine
503 959 880 1018 dominationem,
926 959 989 1008 ita
1027 961 1235 1025 quamvis
1274 962 1472 1028 egregiis
1512 963 1726 1022 modum»

167 1047 202 1070 “
237 1038 454 1089 libertatis
471 1036 696 1102 placere.'’
763 1037 880 1086 Haec
900 1038 1078 1106 magnis
1095 1039 1329 1104 utrimque
1345 1039 1726 1098 contentionibus

162 1122 344 1186 iactata,
367 1115 555 1165 diversis
576 1114 735 1163 studiis
757 1114 1109 1178 accipiebantur.
1151 1116 1272 1164 Vicit
1287 1134 1410 1181 pars,
1433 1135 1541 1182 quae
1561 1117 1726 1173 sonid-

166 1198 342 1262 legatos
358 1193 572 1251 malebat,
603 1192 738 1240 etiam
762 1193 922 1241 mediis
939 1196 1150 1257 patrum⁴
1184 1194 1492 1243 adnitentibus
1512 1194 1730 1254 retinere,

163 1289 360 1323 morem.
427 1271 488 1318 Et
506 1269 894 1334 splendidissimus
910 1270 1104 1336 quisque
1121 1272 1286 1320 eodem
1302 1272 1564 1333 inclinabat,
1577 1284 1707 1333 metu

162 1350 351 1406 invidiae
373 1349 410 1397 si
426 1347 511 1413 ipsi
533 1347 826 1414 eligerentur.

238 1513 285 1555 9.
321 1509 584 1556 SEcuTuM
611 1505 734 1554 aliud
755 1517 1002 1555 certamen.
1037 1506 1266 1561 Praetores
1288 1505 1436 1560 aerarii
1457 1508 1590 1571 (nam
1610 1516 1715 1564 tum

169 1586 199 1635 a
228 1584 503 1650 praetoribus
538 1585 816 1631 tractabatur
845 1583 1059 1635 aerarium
1075 1583 1116 1646 ⁵)
1146 1589 1181 1611 “
1204 1583 1437 1648 publicam
1472 1594 1725 1649 pauperta-

170 1668 207 1691 “
239 1664 369 1711 tem’'
390 1661 554 1727 questi,
575 1667 608 1689 ‘⁶
632 1650 827 1708 modum
857 1658 1142 1726 impensis''⁶
1173 1661 1528 1728 postulaverant.
1595 1661 1715 1719 Eam

156 1757 329 1788 curam
374 1740 537 1788 consul
596 1740 876 1804 designatus,
927 1741 989 1789 ob
1034 1738 1400 1805 magnitudinem
1444 1737 1615 1798 oneris,
1666 1749 1724 1788 et.

168 1817 360 1867 remedii
420 1816 752 1875 difficultatem,
824 1817 1023 1881 Principi
1095 1817 1369 1869 reservabat.
1451 1814 1725 1876 Helvidius,=

168 1900 205 1923 “
238 1893 634 1950 arbitriofsenatfis
671 1894 940 1959 agendum’'
976 1894 1167 1946 censuit.
1240 1894 1372 1951 Cum
1410 1904 1714 1959 perrogarent

165 1972 409 2020 sententias
439 1972 668 2030 consules,
703 1972 941 2025 Vulcatius
974 1958 1279 2030 Tertullinus,
1301 1971 1514 2024 tribunus
1546 1969 1711 2035 plebis,

166 2048 437 2108 intercessit,
478 2054 511 2077 “
549 2065 609 2097 ne
649 2049 761 2113 quid
801 2066 940 2115 super
974 2048 1101 2101 tanta
1140 2066 1210 2108 re,
1258 2048 1471 2113 Principe
1509 2050 1715 2109 absente,

167 2131 203 2154 “
247 2127 572 2175 statueretur.''
657 2128 912 2178 Censuerat
946 2125 1188 2174 Helvidius
1239 2138 1307 2185 ut,
1356 2131 1390 2154 “
1432 2125 1714 2190 Capitolium

166 2209 201 2232 ‘⁶
245 2204 430 2269 publice
477 2204 810 2263 restitueretur,
857 2205 1092 2271 adjuvaret
1147 2203 1503 2270 Vespasianus.''
1593 2202 1724 2259 Eam

222 2371 235 2388 ¹
280 2370 360 2410 Sua
409 2371 590 2410 oratione.

168 2427 311 2464 Annal.
334 2439 421 2463 xvx.
443 2430 507 2464 28.

654 2371 783 2417 Quam
820 2371 907 2410 vide
969 2383 1153 2421 accepere
1188 2370 1325 2422 optimi
1361 2370 1584 2421 interpretes
1609 2369 1713 2419 Itali,

973 2425 1148 2475 Hispani,
1175 2423 1291 2475 Angli
1319 2431 1357 2462 et
1377 2424 1499 2463 Galli.
1556 2423 1715 2463 Necin-

223 2476 242 2494 ²
270 2480 347 2517 Per
364 2479 572 2530 hry'usmodi
591 2479 783 2531 imagines.
834 2480 906 2517 Por

166 2533 238 2571 has
273 2534 415 2582 judicii
454 2534 634 2582 imagines
651 2548 661 2578 ;
699 2543 741 2571 ut
787 2546 904 2583 supra

167 2587 309 2625 Annal.
328 2599 396 2624 111.
419 2591 477 2630 17.
529 2587 687 2624 Biduum
708 2600 819 2637 super
835 2586 904 2625 lzlic

167 2641 328 2692 farragine
344 2641 568 2691 cognitionis
579 2642 795 2678 absumtum.

222 2692 237 2713 ³
252 2694 380 2731 senem
391 2694 660 2743 triumphalem.
678 2694 776 2731 Vide
787 2707 905 2746 supra

168 2749 270 2787 nist.
286 2760 335 2784 11.
354 2751 419 2791 77.

221 2800 242 2823 4
259 2802 400 2840 Mediis
411 2807 574 2851 patrum.
594 2802 636 2839 ld
649 2809 904 2847 cst,‚neutmm

167 2862 313 2907 partem
351 2855 504 2901 secutis,
538 2868 660 2905 neque
712 2855 905 2901 Helvidio,

168 2922 293 2960 neque
326 2909 517 2948 Marcello
551 2909 739 2956 addictis3
774 2909 907 2961 sicque

970 2479 1232 2528 tolligcndum,
1254 2484 1299 2515 ut
1314 2479 1549 2528 quibusdam
1571 2477 1714 2530 placet,

970 2533 1017 2569 de
1035 2531 1273 2570 senatoribus
1290 2532 1439 2580 mediis,
1453 2532 1491 2582 id
1511 2538 1579 2580 cst,
1592 2532 1713 2572 medi-

970 2587 1069 2624 ocris
1087 2587 1262 2623 fortunae.
1660 2611 1666 2614 .

1026 2638 1038 2660 ⁵
1062 2639 1320 2678 Tractabatur
1335 2639 1523 2677 ararium.
1544 2639 1603 2677 De
1620 2651 1723 2689 ωτι-χ

971 2694 1042 2741 rio,
1061 2693 1196 2744 iisque,
1212 2693 1280 2743 qui
1295 2694 1471 2735 aerarium
1491 2699 1714 2743 tractavere,

971 2748 1123 2785 dictum
1145 2746 1287 2784 Annal.
1315 2758 1415 2785 xm.
1442 2751 1506 2791 29.
1526 2753 1564 2784 et
1577 2746 1616 2784 in
1634 2754 1717 2795 not.

969 2809 1007 2839 ct
1018 2800 1167 2838 emend.
1181 2800 1229 2837 ad
1247 2799 1352 2838 hunc
1372 2800 1520 2838 locum.

1023 2850 1042 2872 ⁶
1055 2854 1083 2891 I
1082 2853 1253 2906 mpensis.
1274 2854 1447 2898 Publicis
1463 2854 1655 2906 impensis,
1667 2859 1717 2899 ut.

971 2908 1069 2949 infra
1081 2916 1171 2959 cap.
1185 2911 1252 2945 40.
