1786 3204
394 150 783 195 msTomARuM
813 125 976 209 Lmen
1005 150 1274 197 QUARTUS.

38 160 79 198 J.
99 158 146 197 C.
165 160 232 201 70·
1496 159 1578 196 308

40 266 78 303 3‘
110 257 445 324 acciperetur.’'
477 253 849 320 Praepositusque
864 253 1044 304 eicurae
1056 254 1305 318 Pompeius
1321 255 1584 325 Silvanusz¹

43 354 132 387 nec
176 335 326 384 multo
368 334 477 398 post
531 331 774 381 necessitas
828 331 953 390 abiit,
991 332 1086 382 sive
1134 332 1300 383 omissa
1336 333 1582 388 simulatio,

43 411 274 479 Abrogati
293 411 419 469 inde,
442 410 595 475 legem
617 407 821 456 ferente²
845 408 1132 467 Domitiano,
1161 411 1442 471 consulatus,
1463 430 1584 478 quos

43 490 256 546 Vitellius
290 488 494 537 dederat.
531 540 536 542 .
575 488 828 550 Funusque
859 486 1152 541 censorium³
1187 487 1344 537 Flavio
1374 490 1548 539 Sabino
1562 494 1585 522 ⁴

43 559 268 622 ductum:
305 580 472 630 magna
499 564 778 613 documenta
803 562 1022 613 instabilis
1048 561 1267 623 fortunae,
1308 568 1584 634 summaque

42 656 93 706 et
110 645 205 696 ima
223 641 468 692 miscentis-
536 678 543 684 .
1021 647 1025 651 ’

25 859 33 862 Δ
68 842 73 845 »
100 808 191 852 48.
226 800 330 849 Sun
353 796 478 858 idem
511 808 695 860 tempus
731 797 790 845 L.
817 794 942 854 Piso,
980 795 1248 859 proconsul,
1277 795 1602 852 interficiturz»

37 877 100 929 ea
117 879 176 938 de
193 877 322 933 caede
338 874 481 941 quam
498 871 730 933 verissime
749 873 1010 937 expediam,
1026 873 1063 920 si
1076 871 1376 938 paucalsupra
1387 876 1583 940 petiero,

43 956 103 1006 ab
122 954 251 1004 initio
273 953 521 1017 causisque
541 952 702 1000 talium
739 949 998 1006 facinorum
1031 966 1128 998 non
1156 949 1367 1001 absurda.
1434 955 1584 1021 Legio
1658 989 1661 995 -

41 1033 92 1085 in
133 1030 300 1092 Africa
336 1030 614 1094 auxiliaque,
648 1028 872 1078 tutandis„
883 1027 1062 1094 imperii
1100 1028 1286 1087 finibus,
1335 1031 1426 1079 sub
1471 1032 1582 1081 divo

41 1113 262 1176 Augusto
291 1107 573 1172 Tiberioque
593 1105 880 1171 Principibus
896 1104 1162 1170 proconsuli
1190 1107 1423 1169 parebant.
1459 1110 1582 1162 Mox

44 1187 186 1240 Caius
205 1188 398 1244 Caesar,⁵
419 1184 632 1237 turbidus
653 1183 809 1243 animi,
844 1199 898 1232 ac
931 1184 1003 1231 M.
1026 1179 1274 1241 Silanum,⁶
1297 1184 1584 1236 obtinentem

42 1264 272 1324 Africam,
295 1273 523 1321 metuens,
552 1261 751 1311 ablatam
782 1259 1046 1325 proconsuli
1077 1259 1325 1325 legionem,
1359 1261 1500 1311 misso
1532 1264 1582 1314 in

42 1359 148 1394 eam
167 1357 270 1391 rem
302 1340 456 1405 legato
478 1338 663 1387 tradidit
683 1356 696 1386 :
731 1349 940 1403 aequatus
961 1337 1080 1386 inter
1111 1338 1228 1387 duos
1243 1339 1583 1391 ,beneficiorum

44 1422 303 1477 numeruS,⁷
337 1428 384 1466 et
405 1416 561 1466 mixtis
582 1416 823 1482 utriusque
855 1415 1096 1474 mandatis,
1131 1414 1357 1464 discordia
1391 1417 1583 1482 quaesiia

43 1508 268 1562 auctaque
284 1511 427 1559 pravo
445 1494 708 1544 certamine.
776 1496 1061 1560 Legatorum
1077 1495 1154 1559 jus
1175 1494 1390 1553 adolevit,
1406 1495 1584 1545 diutur-

41 1574 181 1627 nitate
215 1571 369 1635 officii,
411 1572 485 1621 vel
530 1572 638 1639 quia
674 1572 929 1622 minoribus
967 1573 1114 1639 major
1153 1572 1401 1621 aemulandi
1436 1588 1585 1643 curat*

849 1769 1023 1808 eruditus
1042 1769 1243 1807 Reimarus
1261 1769 1300 1807 in
1317 1772 1395 1807 not.
1415 1768 1465 1807 ad
1486 1768 1585 1808 Dio-

59 1761 84 1777 ”
99 1769 116 1792 ⁸
135 1759 332 1822 Pompeius
349 1768 538 1807 Silvanus.
580 1768 668 1808 Jam
699 1776 776 1807 me-'

850 1836 999 1874 nem,p.
1017 1821 1110 1862 656.
1130 1830 1209 1860 not.
1228 1827 1320 1861 220.
1351 1822 1484 1861 Potius
1500 1835 1584 1862 cre-

43 1833 215 1863 moratus
229 1835 346 1873 supra
365 1823 470 1863 Hist.
481 1835 530 1862 11.
550 1820 614 1861 86.

67 1891 70 1896 ·
98 1875 118 1894 ²
134 1878 270 1930 Legem
269 1878 440 1926 serente.
469 1877 543 1916 Pro
552 1889 622 1914 suo
639 1889 776 1916 consu-

46 1931 116 1970 lari
135 1930 315 1982 imperio,
337 1931 383 1968 de
402 1943 481 1981 quo
497 1943 615 1983 supra
631 1944 717 1981 cap.
737 1936 775 1970 3.

87 1983 116 2012 ’3
134 1985 331 2035 funusque
361 1984 578 2025 censorium.
625 1985 684 2022 De
701 1985 776 2023 hoc

46 2039 177 2084 funere
201 2039 286 2091 jam
319 2037 469 2079 dictum
495 2051 610 2091 supra
634 2039 776 2077 Annal.

3 2174 9 2188 x
46 2095 295 2208 *⁴133*le
330 2144 480 2184 Sabino.

46 2201 260 2294 ί,ξδῖξνιόιιιίιε
278 2253 416 2344 Οιῖεαν.
457 2253 649 2305 Caligula.
670 2254 778 2302 ⁴Vide

46 2308 198 2401 suffia}
206 2309 414 2400 tgzzanugl
418 2312 556 2406 11’QQulis
572 2362 621 2399 sit
638 2360 702 2398 hic
718 2361 778 2399 M.

49 2415 213 2463 Silanus,
250 2415 450 2461 incertum,
497 2416 547 2451 ob
588 2414 776 2452 incuriam

37 2469 201 2516 Dionis,
221 2481 312 2507 Lxx.
330 2482 369 2519 p.
387 2466 478 2507 656.
498 2469 545 2505 de
566 2469 608 2506 L.
629 2468 777 2515 Pisone,

46 2535 135 2574 quae
151 2523 201 2562 ad
215 2522 275 2560 M.
295 2522 469 2561 Silanum
487 2522 779 2572 pertine‘nt‚nar-

48 2577 178 2615 rantis.
209 2575 394 2617 Praeterea
410 2588 479 2613 nec
497 2575 529 2612 is
545 2576 604 2613 M.
624 2575 776 2615 Silanus

48 2630 149 2672 ‚idem
180 2643 259 2669 esse
280 2629 443 2676 videtur,
479 2629 546 2678 qui
580 2641 688 2667 socer
705 2629 779 2667 fuit

50 2684 149 2731 Caii,
175 2695 367 2734 quemque
385 2682 661 2720 interemtum&
683 2682 779 2722 Caio

48 2737 218 2776 diximus
254 2737 293 2774 in
330 2736 602 2789 Supplemento
637 2737 777 2777 Annal.

50 2803 130 2829 vn.
148 2794 214 2835 23.
259 2790 339 2828 Vix
365 2791 464 2828 enim
485 2795 658 2828 constant
685 2795 779 2827 tem-

2 2863 7 2866 ·
48 2857 166 2903 pora:
195 2844 299 2895 quod
317 2855 393 2883 non
408 2843 496 2882 satis
514 2843 781 2883 animadvertit

554 2145 776 2197 Vespasiani

851 1877 1010 1916 diderim
1025 1878 1140 1916 fuisse
1158 1877 1217 1915 M.
1239 1876 1358 1914 Silani
1378 1876 1516 1917 filium.

904 1927 921 1952 ⁷
950 1931 1218 1980 Beneficiorum
1236 1943 1419 1968 numerus.
1439 1931 1586 1970 Benefi-

850 1985 914 2023 cia
930 1984 1097 2034 intellige
1109 1985 1156 2023 de
1169 1984 1316 2022 militiae
1325 1984 1519 2034 gradibus,
1530 1985 1583 2023 ad

853 2051 949 2089 quos
966 2039 1183 2089 proconsul,
1209 2039 1411 2088 legatusve,
1430 2051 1584 2088 promo-

853 2093 1003 2130 vebant.
1034 2093 1189 2130 Divisus
1204 2099 1259 2130 est
1275 2098 1312 2130 ct
1327 2097 1503 2142 aequatus
1519 2094 1583 2131 be-

852 2146 1076 2184 neficiorum
1100 2145 1256 2184 illorum
1282 2157 1461 2184 numerus
1486 2146 1586 2185 inter'

851 2200 1116 2250 proconsulem
1134 2208 1171 2237 et
1188 2200 1380 2249 legatum3
1398 2206 1437 2237 et
1452 2199 1586 2238 mixtis

852 2254 1052 2305 utriusque
1084 2253 1285 2300 mandatis,
1316 2253 1476 2303 quaesita
1509 2254 1585 2293 dis-

852 2308 996 2354 cordia,
1014 2313 1206 2357 auctaque
1224 2319 1346 2358 pravo
1362 2307 1586 2348 certamine.

850 2360 875 2399 J
880 2374 922 2399 us
938 2370 1065 2400 tamen
1083 2361 1294 2411 legatorum
1319 2359 1496 2407 adolevit,
1521 2361 1585 2400 vel

851 2415 943 2464 quia
954 2415 1165 2452 minoribus
1177 2415 1300 2464 major
1312 2421 1368 2451 est
1377 2414 1586 2454 aemulandi

852 2481 960 2516 cura,
988 2468 1046 2506 vel
1072 2467 1155 2520 ipsti'.
1182 2468 1433 2505 diuturnitate
1456 2469 1586 2507 officii.

854 2522 981 2573 Legati
1000 2522 1099 2560 enirn
1113 2535 1180 2573 per
1194 2521 1321 2573 plures
1338 2533 1455 2559 annos
1462 2522 1586 2573 digui-

853 2579 969 2614 tatem
982 2576 1226 2614 obtinebant:
1240 2575 1485 2627 proconsules
1495 2575 1585 2614 vero

852 2642 951 2680 saepe
996 2629 1135 2675 annui3
1177 2635 1215 2668 et
1257 2627 1586 2680 splendidissimus

852 2684 1017 2735 quisque
1060 2682 1258 2721 securitati
1301 2682 1433 2733 magis,
1465 2683 1588 2733 quam

851 2737 1029 2787 potentiae
1043 2735 1303 2775 consulebant.
1322 2735 1384 2774 De
1397 2735 1590 2775 beneficiis

851 2796 890 2827 ct
919 2789 1166 2832 beneficiariis
1193 2790 1307 2842 plura
1323 2790 1520 2828 .dicentur
1547 2791 1588 2830 in

852 2850 931 2884 not.
957 2852 996 2884 et
1011 2844 1161 2884 emend.
1178 2844 1227 2883 ad
1245 2844 1347 2884 Hist.
1365 2855 1419 2884 ιν.
1437 2847 1504 2884 48.
