2210 3978
478 20 502 37 >

406 160 504 207 AD
539 157 668 206 LIB.
704 157 770 204 V.
806 156 977 203 HIST.
1016 154 1075 202 C.
1110 153 1320 203 CORN.
1355 154 1606 203 TACITI.
1866 155 1973 218 697

109 303 220 338 nem
242 287 517 339 transmissa
551 293 625 334 est
646 286 708 334 ad
733 285 938 342 Nieche,
981 283 1202 346 Moysen.
1273 283 1321 331 Is
1346 275 1521 331 librum
1546 290 1682 331 suum
1705 284 1898 348 accepit
1920 285 1972 335 in

109 383 272 425 monte
296 376 458 424 Si-na:
496 374 563 423 ibi
589 373 908 438 quadraginta
945 370 1114 419 diebus
1146 378 1196 419 et
1218 370 1536 435 quadraginta
1575 371 1804 419 noctibus
1837 371 1972 435 jeju-

109 464 271 513 navit:
310 480 494 527 semper
517 469 620 511 erat
643 478 754 509 cum
782 460 907 508 coelo
931 458 1241 521 conjunctus.
1314 459 1370 506 In
1394 459 1498 520 ejus
1539 458 1663 508 libro
1699 465 1810 506 sunt
1832 460 1970 523 quin-

110 552 341 617 quaginta
362 558 456 598 tres
478 550 729 598 sectiones.
802 546 1052 604 Doctrina,
1090 546 1138 594 in
1163 563 1221 594 eo
1233 553 1483 605 contenta,
1520 546 1686 595 eadem
1711 546 1860 597 ferme
1877 554 1970 606 est,

58 648 61 653 '
109 656 222 704 quae
247 639 294 686 in
318 638 452 686 libris
475 637 772 685 literatorum
793 634 1054 684 Sinensium
1080 634 1330 683 habetur.’'
1386 633 1485 683 Hic
1508 635 1538 683 J
1542 633 1706 682 udaeus
1729 635 1971 683 Sinensem

109 726 376 775 doctrinam
416 741 525 773 cum
550 726 578 773 J
583 724 753 772 udaica
777 729 1057 787 comparat3
1096 723 1399 786 plurimaque
1436 721 1576 769 affert
1599 722 1725 780 loca,
1764 723 1969 774 maxime

109 822 164 863 ut
186 815 359 879 probet
382 815 411 862 J
416 813 579 862 udaeos
601 819 748 876 atque
772 809 1008 873 Sinenses,
1047 816 1078 836 “
1102 810 1274 859 eodem
1297 804 1459 871 *ferme
1502 810 1594 858 ritu
1634 811 1811 859 coelum
1830 828 1971 860 vene·

108 903 219 961 rari,
274 903 555 950 cerimonias
601 902 868 958 observare,
915 901 1154 964 jejunare,
1210 915 1362 958 orare,
1436 906 1650 947 mortuos
1698 899 1964 949 honoribus

108 991 385 1057 prosequi.''
454 992 609 1038 Immo
634 989 886 1037 contendit
925 995 956 1014 “
981 989 1028 1036 in
1050 988 1174 1037 libro
1198 990 1398 1054 Y-King
1421 990 1574 1038 inesse
1596 990 1793 1054 vestigia
1815 990 1968 1040 sancti

109 1076 330 1142 sacrique
354 1063 592 1125 sabbati.''
660 1078 779 1125 Mox
804 1075 942 1125 addit
984 1082 1016 1102 “
1036 1078 1241 1142 Moysen
1281 1077 1452 1127 vixisse
1476 1079 1706 1126 sexcentis
1738 1076 1985 1127 tredecim*

59 1172 61 1174 ’
106 1166 242 1216 annis
262 1168 276 1188 ¹
335 1172 446 1230 post
503 1165 692 1213 initium
749 1164 999 1213 Tcheou.”
1068 1164 1196 1212 Dein
1237 1164 1299 1212 ad
1351 1171 1384 1192 “
1408 1165 1684 1223 Gai-sse-la,
1733 1164 1965 1224 Esdram,

105 1254 308 1311 devenit,
344 1253 606 1318 laudatque
623 1251 890 1317 plurimam
915 1252 1196 1300 acerrimam
1219 1251 1325 1314 ejus
1347 1251 1658 1317 diligentiam,
1695 1254 1792 1318 qua
1813 1253 1965 1302 libros

105 1342 358 1408 reparavit,
394 1341 630 1406 populum
653 1340 859 1388 instituit
881 1347 931 1389 et
954 1339 1272 1388 emendavit.”

40 1508 174 1558 Huic
216 1507 522 1572 Inscriptioni
562 1506 780 1555 additum
818 1512 892 1555 est
936 1506 1175 1572 Li-pai-se
1214 1506 1524 1556 inundatione
1562 1524 1779 1556 eversum
1819 1507 1965 1557 fuisse

109 1602 143 1624 “
164 1613 292 1644 anno
315 1595 572 1645 undecimo
594 1595 901 1659 Imperatoris
925 1596 1243 1659 Yng-tsong,”
1276 1595 1326 1642 id
1350 1602 1437 1653 est,
1473 1611 1600 1643 anno
1620 1597 1668 1645 J.
1688 1597 1746 1645 C.
1776 1595 1904 1646 1446
1924 1595 1967 1646 :²

84 1662 143 1738 ,⁸“
159 1684 311 1733 libros
333 1685 471 1749 aquis
494 1683 703 1732 maxima
742 1690 879 1747 parte
915 1682 1057 1730 fuisse
1081 1690 1366 1746 corruptos:
1405 1684 1605 1732 Judaeos
1629 1686 1656 1733 ὲ
1692 1684 1874 1749 Nimpo
1914 1691 1966 1734 et

107 1773 342 1838 Ning-hia
380 1773 531 1821 libros
571 1770 789 1820 dedisse:
828 1772 856 1820 J
863 1762 1058 1818 udaeuni
1097 1772 1337 1835 inprimi8‚
1372 1772 1559 1819 nomine
1601 1772 1695 1831 Yn,
1731 1772 1911 1821 venisse
1935 1773 1964 1821 ὲ

96 2005 112 2028 ¹
145 2000 263 2043 Anni
289 2001 353 2042 ini
374 2004 468 2043 613.
497 2013 582 2041 non
601 1999 656 2040 ab
677 1997 857 2051 imperio
877 1995 1107 2051 Dynastiae
1130 1998 1299 2050 Tcheou,
1327 1999 1402 2039 sed
1420 1998 1447 2038 εἰ
1474 2011 1606 2052 regno
1636 2000 1760 2054 hujus
1789 2000 1961 2044 familiae

39 2082 288 2125 numerandi
300 2086 419 2133 sunt,
447 2086 498 2121 ut
509 2079 637 2120 modo
653 2079 815 2119 dictum
835 2083 915 2129 est,
945 2077 1042 2117 cum
1061 2082 1259 2130 ageretur
1277 2079 1330 2118 de
1345 2081 1610 2132 temporibus
1619 2080 1846 2124 Abraham.
1901 2083 1966 2125 At

39 2175 95 2205 ex
123 2163 447 2216 computatione
473 2161 723 2205 Judaeorum
744 2159 981 2200 Sinensium
1000 2159 1191 2212 sequitur
1207 2159 1320 2199 inter
1339 2160 1551 2201 Abraham
1572 2169 1616 2202 et
1635 2164 1816 2217 Moysen
1837 2164 1967 2205 inter·

39 2232 213 2286 cessisse
229 2255 362 2284 annos
377 2248 473 2284 467.
529 2243 650 2283 Inter
666 2241 886 2294 utriusque
920 2247 1064 2281 tamen
1085 2246 1226 2280 ortum
1243 2241 1519 2283 intercessere
1538 2242 1706 2284 tantum
1723 2250 1820 2286 420.
1846 2245 1965 2298 anui,

38 2332 88 2366 ut
106 2330 358 2377 computant
375 2324 520 2366 Judaei
541 2324 767 2376 Europaei.
824 2323 863 2363 Ii
896 2322 1006 2364 enim
1038 2336 1194 2363 annum
1223 2323 1334 2363 hunc
1354 2329 1475 2366 1769.
1511 2324 1554 2364 in
1588 2325 1674 2365 suis
1700 2326 1968 2368 Calendariis

37 2412 263 2447 numerant
280 2420 424 2448 annum
442 2411 565 2448 3161.
594 2409 619 2446 ὰ
635 2407 847 2446 nativitate
866 2407 997 2446 Masis
1014 2406 1201 2456 mag-istri
1214 2406 1356 2446 nostri.
1413 2405 1539 2458 Super
1556 2419 1644 2446 eum
1669 2408 1727 2446 sit
1739 2421 1838 2460 pax.
1896 2409 1965 2448 Ex

37 2492 137 2529 467.
154 2487 272 2529 annis
289 2493 491 2540 superant
505 2486 604 2539 ergo
624 2492 691 2528 47.
713 2487 827 2527 anni.
882 2486 960 2539 At,
975 2493 1022 2527 ut
1041 2487 1209 2539 opinor,
1238 2488 1266 2529 J
1271 2486 1382 2527 udaei
1402 2487 1594 2528 Sinenses
1612 2501 1694 2529 non
1714 2494 1967 2542 computant

38 2550 212 2609 abdffitu
233 2568 382 2621 Mosis,
408 2570 483 2610 sed
500 2569 528 2609 a
543 2574 751 2622 tempore,
781 2583 881 2623 quo,
907 2572 1121 2623 postquam
1151 2574 1340 2626 creverat,
1369 2570 1423 2609 de
1442 2570 1569 2610 domo
1590 2569 1820 2610 Pharaonis
1839 2583 1968 2621 egres-

36 2637 180 2691 sus'est
199 2653 252 2690 ad
267 2652 424 2711 frutres
447 2664 553 2702 suos,
582 2656 632 2691 ut
649 2651 830 2691 habetur
847 2651 891 2691 in
929 2651 1099 2701 Exodo,
1129 2662 1183 2691 11.
1214 2656 1281 2691 11.
1337 2651 1463 2693 Unde
1486 2651 1546 2691 D.
1569 2651 1726 2691 Paulus
1746 2651 1790 2690 in
1809 2652 1891 2704 Ep.
1909 2651 1967 2693 ad
2027 2638 2032 2640 i

38 2731 265 2782 Hebraeos,
285 2744 355 2774 xx.
370 2739 436 2775 24.
470 2735 603 2770 Πίστει
625 2731 786 2776 Μωϋσῗις
805 2731 927 2783 μέγας
946 2731 1128 2783 γενόμενος
1146 2730 1323 2784 ἠρνήσατο
1340 2729 1514 2781 λέγεσθαι
1531 2731 1607 2776 υἱὸς
1626 2730 1805 2785 θυγατρὸς
1819 2733 1965 2788 Φαρααῖ·

36 2813 193 2852 Μᾶλλον
212 2815 377 2868 ἑλόμενος
393 2814 742 2867 συγκακουχεῖσθαι
763 2813 817 2863 τῷ
834 2814 914 2862 λαῷ
933 2815 1000 2856 τοῦ
1027 2812 1121 2864 Θεοῦ,
1151 2811 1172 2854 ἢ
1187 2814 1400 2866 πρόσκαιρον
1415 2810 1514 2864 ἔχειν
1527 2812 1718 2867 ἁμαρτίας
1737 2815 1964 2854 ἀπόλαυσιν·

40 2894 202 2948 Μείζονα.
228 2898 387 2935 πλοῦτον
407 2897 635 2950 ἡγησάμενος
656 2896 723 2935 τῶν
743 2897 775 2935 ἓν
794 2895 975 2947 Αἷγύπσῳ
995 2895 1177 2948 Θησαυρῶν
1195 2897 1254 2934 τὸν
1274 2893 1475 2947 ὀνειδισμὸν
1490 2897 1557 2933 ’τοῦ
1576 2897 1753 2946 Χριστοῦ.
1807 2897 1838 2919 “
1859 2895 1970 2937 Fide

25 2978 217 3030 'Moyses
233 2979 400 3031 grandis
429 2978 567 3019 factus
586 2978 760 3031 negavit
779 2990 823 3018 se
850 2989 938 3017 esse
954 2976 1086 3017 filium
1100 2976 1201 3016 filiae
1222 2975 1468 3027 Pharaonis,
1497 2975 1630 3028 magis
1652 2977 1813 3029 eligens
1829 2976 1961 3030 affligi

37 3071 134 3101 cum
150 3061 312 3113 populo
329 3060 431 3114 Dei,
462 3059 588 3114 quam
605 3059 851 3112 temporalis
869 3059 1040 3112 peccati
1054 3058 1557 3111 haberejucunditatem;
1590 3059 1769 3110 majores
1789 3057 1964 3116 divitias

35 3141 250 3183 aestimans
269 3143 462 3183 thesauro
477 3142 785 3196 AEgyptiorum,
814 3141 1119 3194 improperium
1141 3138 1339 3180 Christi.”

92 3223 116 3246 ²
144 3224 280 3264 Pater
311 3224 469 3265 Gaubil
502 3231 568 3265 ter
599 3230 803 3278 quaterve
834 3225 944 3264 hanc
975 3223 1291 3264 inundationem
1323 3220 1366 3261 in
1394 3220 1477 3261 suis
1508 3220 1702 3274 epistolis
1727 3226 1962 3273 memorat,

0 3314 4 3316 ·
37 3317 215 3358 eamque
234 3304 361 3346 modo
381 3318 493 3348 anno
514 3312 633 3348 1461.
663 3304 790 3346 modo
811 3318 922 3345 anno
942 3310 1063 3349 1462.
1093 3303 1323 3356 contigisse
1341 3302 1416 3343 ait.
1445 3302 1506 3342 At
1525 3302 1762 3356 inuti-oque
1782 3314 1961 3347 numero,

35 3385 207 3427 erravit.
270 3387 496 3438 Yng-tsong
529 3388 738 3440 imperare
770 3386 902 3438 coepit
931 3398 1044 3426 anno
1075 3389 1196 3426 14:35.
1227 3384 1407 3438 imperio
1436 3384 1579 3436 pulsus
1599 3387 1664 3423 est
1691 3395 1802 3428 anno
1832 3388 1955 3424 1449.

35 3451 257 3519 imperium
277 3468 444 3521 recepit
463 3452 583 3508 anno
603 3472 734 3510 1457:
765 3472 956 3507 mortuus
985 3470 1049 3506 est
1078 3477 1187 3505 anno
1210 3467 1330 3507 1465.
1387 3462 1500 3518 Ergo
1522 3476 1656 3510 annus
1674 3465 1765 3518 ejus
1783 3463 1960 3512 undeci-

37 3560 130 3589 mus
145 3561 230 3590 non
248 3554 391 3602 potest
408 3563 498 3591 esse
518 3555 640 3592 1461.
658 3554 732 3590 aut
751 3555 873 3591 1462.
928 3549 1030 3591 Fuit
1042 3560 1173 3590 annus
1191 3552 1310 3590 1446.
