1760 3210
184 174 264 216 372
511 180 516 187 ·
578 173 579 177 ’
670 170 717 207 C.
734 166 1017 207 ›CORNELH
1043 166 1227 208 TACITI
1428 173 1480 211 A.
1498 173 1551 213 U.
1565 173 1615 214 C.
1630 177 1726 216 823.

192 295 194 297 >
236 278 335 324 416.
370 273 617 324 PosTEaA
642 272 783 334 luces
801 270 994 321 Cerialis
1015 272 1168 338 equite
1190 283 1237 322 et
1257 272 1726 327 auxiliariis-cohorti·

184 354 272 403 bus
293 350 498 400 frontem
520 349 706 414 explet3
742 349 791 398 in
820 348 1025 399 secunda
1052 350 1148 400 acie
1170 350 1374 418 legiones
1395 352 1586 404 locatae:
1622 354 1728 406 dux

184 429 269 500 sibi
292 429 496 477 delectos
517 425 767 475 retinuerat
780 425 840 475 ad
860 426 1132 492 improvisa.
1190 429 1350 478 Civilis
1365 429 1490 480 haud
1510 441 1730 497 porrecto

184 506 404 573 agmine:
455 506 537 553 sed
592 504 750 553 cuneis
798 504 981 554 adstitit.
1066 506 1226 555 Batavi
1281 508 1625 582 Gugernique²
1675 507 1730 559 in

185 585 384 643 dextro;
415 582 555 641 laeva,
587 597 641 630 ac
662 581 879 647 propiora
900 578 1117 642 fluminis,
1152 573 1495 635 Transrhenani
1519 596 1726 642 tenuere.

183 656 462 711 Exhort'atio
497 659 693 719 ducum,
728 675 825 708 non
857 675 994 708 more
1033 659 1267 710 concionis
1304 662 1428 727 apud
1471 662 1730 723 universos,

186 738 269 786 sed
303 746 355 785 ut
384 744 594 802 quosque
625 753 790 786 eorum
811 737 1170 787 advehebantur.
1241 739 1433 788 Cerialis
1454 745 1489 769 ‘⁶
1521 751 1730 791 veterem

193 818 223 840 “
260 814 461 862 Romani
477 814 675 863 nominis
697 814 911 882 gloriam,
934 816 1143 881 antiquas
1165 828 1464 883 recentesque
1485 816 1726 868 victorias.

116 886 119 888 ’
192 895 224 918 “
255 903 308 941 ut
362 893 613 958 perfidum,
656 893 894 958 ignavum,
944 893 1120 943 victum
1175 894 1374 955 hostem,
1413 895 1463 944 in
1500 906 1732 946 aeternum

191 972 222 999 “
254 969 549 1019 exciderent:
602 969 776 1019 ultione
830 971 994 1037 magis,
1048 971 1192 1037 quam
1235 972 1396 1037 praelio
1441 989 1561 1038 opus
1614 989 1731 1023 esse.

193 1051 223 1073 “
255 1047 502 1097 Pauciores
523 1063 673 1113 nuper
688 1042 702 1064 ³
724 1064 848 1096 cum
864 1048 1074 1113 pluribus
1096 1047 1322 1098 certasse:
1357 1065 1411 1099 ac
1427 1060 1582 1099 tamen
1601 1048 1734 1101 fusos

193 1129 224 1151 ‘⁶
258 1127 541 1184 Germanos,
571 1125 701 1191 quod
734 1125 915 1174 roboris
949 1123 1103 1174 fuerit.
1171 1128 1438 1191 Superesse,
1457 1126 1549 1192 qui
1568 1125 1733 1197 fugam

194 1207 224 1228 ‘⁶
256 1201 437 1261 animis,
459 1202 538 1266 qui
559 1202 754 1250 vulnera
767 1213 920 1269 tergo,
941 1201 1142 1250 ferant.”
1208 1204 1427 1269 Ptoprios
1446 1203 1555 1253 ind‘e‘
1573 1205 1735 1255 stimu-

190 1280 260 1329 los
293 1278 551 1345 legionibus
572 1280 862 1340 admovebat,
897 1285 931 1308 “
966 1280 1215 1329 domitores
1237 1281 1486 1331 Britanniae
1501 1284 1522 1312 ⁴
1552 1292 1735 1348 quarta-

193 1361 222 1383 “
256 1357 520 1406 decimanos
536 1357 569 1425 'ff
593 1357 840 1421 appellans.
876 1361 910 1385 “
931 1357 1194 1423 Principem
1213 1359 1433 1420 Galbam,
1455 1370 1600 1416 sextae
1620 1359 1735 1427 legi-

193 1439 225 1461 “
257 1435 359 1483 onis
397 1432 663 1483 auctoritate
700 1433 904 1484 factum:
942 1435 1022 1483 illa
1060 1435 1270 1501 primum
1313 1435 1409 1486 acie
1445 1437 1735 1487 secundanos

196 1515 226 1539 “
258 1526 380 1561 nova
402 1511 549 1582 signa,
565 1524 827 1578 novamque
843 1514 1043 1578 aquilam
1059 1513 1339 1563 dicaturos.”
1343 1517 1358 1544 ⁵
1389 1513 1514 1565 HInc
1531 1519 1736 1580 praevee-

192 1601 269 1638 tus
290 1590 353 1638 ad,
369 1590 705 1639 Germanicum
722 1591 997 1652 exercitum,
1029 1608 1194 1652 manus
1208 1593 1441 1653 tendebat,
1475 1597 1513 1626 “-
1534 1603 1588 1643 ut
1602 1606 1736 1645 suam

136 1710 139 1714 ,
195 1671 225 1696 “
251 1666 423 1732 ripam,
455 1684 540 1716 sua
557 1679 707 1717 castra
727 1669 948 1736 sanguine
970 1669 1175 1718 hostium
1195 1669 1553 1735 reciperarent-'³
1620 1669 1735 1722 Ala·

190 1743 314 1794 erior
329 1744 540 1811 omnium
561 1746 753 1807 clamor,
787 1747 917 1813 queis
937 1746 1057 1796 vel
1034 1765 1061 1795 e
1086 1747 1227 1815 longa
1249 1763 1360 1813 paee
1381 1747 1528 1814 praelii
1543 1747 1735 1814 cupido,

190 1822 266 1871 vel
287 1820 416 1871 fessis
436 1823 561 1872 bello
591 1824 714 1890 pacis
733 1841 882 1886 amor,
904 1824 1186 1891 praemiaque
1208 1836 1254 1874 et
1276 1825 1406 1891 quies
1426 1825 1474 1874 in
1494 1835 1735 1890 posterum
1758 1849 1760 1852 ⁴

191 1901 508 1965 sperabantur.
1648 1918 1652 1923 ·

206 2083 210 2086 -
259 2060 341 2107 ·17.
376 2056 427 2104 N
429 2071 491 2104 Ec
519 2055 678 2106 Civilis
698 2056 908 2107 silentem
924 2055 944 2080 ⁶
971 2057 1141 2108 struxit
1174 2056 1337 2118 aciem,
1370 2057 1528 2107 locum
1562 2068 1736 2125 pugnat

190 2141 354 2180 testem
376 2132 555 2182 virtutis
577 2134 731 2184 ciens:
770 2140 804 2164 “
838 2137 970 2186 Stare
995 2138 1261 2186 Germanos
1283 2137 1574 2202 Batavosque
1594 2148 1739 2202 super

199 2213 230 2246 ‘·‘
261 2209 449 2277 vestigia
491 2211 672 2277 gloriae,
716 2212 892 2264 cineres
945 2230 1141 2281 ossaque
1179 2213 1419 2282 legionum
1472 2213 1731 2264 calcantes:

252 2427 419 2469 Haud
422 2440 599 2483 porrecto
611 2437 769 2487 agmine.
787 2437 935 2486 Civilis,
1005 2446 1049 2478 ut
1067 2438 1184 2479 modo
1201 2439 1351 2477 dictum
1369 2442 1436 2476 est.

197 2485 244 2519 ut
277 2481 414 2533 majori
443 2487 590 2540 impetu
626 2498 764 2540 ageret,
800 2494 936 2544 magis-
1055 2490 1075 2514 ⁴
1107 2493 1323 2532 Domitores
1353 2489 1578 2531 Britanniae.
1638 2475 1741 2529 Vide

197 2546 273 2584 que
291 2537 455 2577 discreta
490 2542 585 2580 foret
618 2556 776 2584 suorum
800 2546 932 2593 virtus,
1005 2560 1121 2598 supra
1138 2546 1280 2585 Annal.
1298 2557 1392 2584 xxv.
1409 2548 1475 2584 34.

197 2587 302 2626 hand
322 2600 496 2640 porrecto
523 2596 685 2646 agmine,
711 2600 775 2637 sed
806 2601 936 2638 cuneis
1058 2599 1073 2621 ⁵
1104 2600 1324 2652 Novamque
1350 2599 1510 2651 aquilam
1536 2595 1747 2635 dicaturus.

199 2643 359 2682 adstitit.
418 2647 478 2685 De
495 2661 619 2688 cuneo
644 2652 793 2691 dictum
818 2667 934 2706 supra
1007 2654 1127 2700 Quod
1143 2653 1394 2692 seeundailla
1411 2652 1510 2704 legio
1523 2655 1619 2688 esset
1636 2650 1659 2688 ὲ
1682 2662 1740 2688 re-

173 2685 300 2734 Ηῐδῐ·
318 2703 471 2745 1¹1·29-
1006 2721 1095 2746 cens
1113 2707 1360 2759 conscriptis·
1350 2737 1361 2753 ,
1379 2713 1425 2746 ut
1441 2705 1605 2745 vidimus
1622 2715 1740 2758 supra.

250 2746 552 2814 Ἥιιὲενηίᾳιιε.
572 2758 771 2810 Cugerni
755 2772 840 2810 jam
858 2774 935 2799 me-
1007 2762 1108 2800 Hist.
1128 2773 1189 2800 xv.
1207 2759 1273 2800 68.

196 2805 335 2842 moran
355 2807 455 2845 Hlst·
475 2809 614 2849 1v.26.
1056 2811 1076 2833 ⁶
1102 2814 1294 2854 silentem.
1313 2812 1457 2853 Melius
1478 2812 1604 2852 silens.
1638 2810 1746 2852 Vide

253 2854 268 2877 ³
298 2858 501 2902 Pauciores
519 2877 650 2916 nuper
681 2866 725 2905 In
741 2867 934 2909 Treveris·
925 2897 936 2915 ‚
1003 2874 1086 2909 not.
1101 2875 1139 2910 et
1157 2869 1304 2910 emend.
1320 2869 1370 2908 ad
1391 2868 1494 2921 Hist..
1511 2879 1553 2907 v,
1572 2869 1635 2911 17.
