2202 3990
228 145 334 194 4221.
737 142 946 195 NoTAE
982 144 1068 195 ET
1102 106 1659 204 EMENDATIONES

309 421 347 450 “
368 416 602 472 Plurima
628 426 798 470 autem
823 427 929 471 arte
954 418 1146 474 Tacito
1173 442 1294 477 usus
1318 434 1413 494 est,
1439 437 1498 481 ut
1521 408 1943 488 miserabiliorem
1968 433 2158 492 Galboe

234 523 456 570 mortem
481 510 721 565 faceret.'’
757 511 882 565 Act.
907 512 974 566 V.
1004 513 1090 566 Sc.
1116 521 1171 569 8.

389 725 453 774 Et
477 724 635 773 Lacus
657 721 876 775 aussi-tot
898 724 1157 774 etincelant
1179 724 1240 774 de
1262 743 1375 792 rage

391 837 471 886 De
494 836 598 885 voir
620 835 870 900 qu'Othon
893 842 1088 901 partout
1111 837 1215 885 leur
1237 837 1387 887 ferme
1412 839 1456 888 le
1481 855 1695 909 passage,

394 947 557 997 Lance
581 952 668 996 sur'
681 946 850 997 Vinius
873 949 938 996 usn
959 946 1144 996 furieux
1170 948 1358 1012 regard,

392 1055 688 1121 L'approche
711 1072 817 1105 sans
838 1056 998 1120 parler
1020 1063 1069 1105 et
1093 1055 1237 1105 tirant
1260 1073 1324 1106 un
1347 1054 1583 1125 poignard
1622 1095 1635 1109 .
1672 1096 1686 1109 .
1711 1059 1728 1084 ¹

394 1199 1778 1218 OOOOOOOOOOOOOOOOO

393 1308 1677 1327 0000000000000000

391 1386 463 1436 Ce
483 1383 635 1443 lache,
660 1401 742 1433 sur
764 1384 928 1434 Galba
949 1389 1143 1449 portant
1165 1382 1320 1434 meme
1344 1384 1539 1434 fureur:

388 1494 612 1555 Mourez,
638 1492 881 1559 Seigneur,
902 1492 974 1542 dit
997 1492 1046 1553 il,
1071 1494 1188 1543 mais
1208 1510 1405 1544 mourez
1428 1495 1725 1559 Empereur;

389 1602 456 1652 Et
477 1618 673 1651 recevez
698 1617 756 1650 ce
778 1616 907 1665 coup
929 1617 1118 1650 comme
1139 1618 1204 1650 un
1229 1601 1416 1651 dernier
1440 1602 1696 1668 hommage

392 1712 504 1769 Que
526 1708 630 1758 doit
651 1708 681 1759 a
703 1714 838 1758 votre
861 1707 1009 1775 gloire
1031 1726 1096 1758 un
1120 1709 1358 1775 genereux
1381 1727 1607 1776 courage.
1628 1706 1651 1730 ²

2110 1797 2133 1851 Χ

303 1932 337 1961 “
363 1926 476 1981 Hic
499 1927 552 1980 in
578 1924 835 1996 tragoediae
873 1923 1157 1979 historiaeve
1179 1922 1355 1978 laudes
1383 1923 1508 1977 nihil
1526 1923 1830 1991 addiderim.
1906 1924 2040 1980 Satis
2085 1925 2154 1982 sit

234 2033 339 2078 tam
364 2020 567 2092 egregia
591 2019 872 2092 specimina
896 2018 1244 2090 proposuisse,
1269 2027 1320 2071 et
1344 2017 1693 2072 illustrissimis
1722 2019 1866 2073 Petri
1890 2019 2150 2076 Corneille

232 2130 384 2188 atque
425 2116 460 2170 J
467 2114 641 2168 oannis
703 2112 902 2167 Racine
961 2094 1231 2185 exemplis,
1283 2113 1448 2166 doctae
1497 2111 1790 2166 imitationis
1829 2113 2066 2169 rationes·
2095 2124 2151 2170 et

230 2209 472 2268 utilitates
482 2210 558 2289 ⁸ad
561 2206 851 2279 probavisse
856 2205 902 2259 .'’

302 2396 602 2463 Adulteria‚
648 2393 1000 2448 matrimonia.
1074 2392 1284 2445 Frustra
1323 2386 1620 2446 Gro'novius
1654 2389 1830 2469 tentat,
1869 2390 2147 2464 adulteria,

227 2490 534 2564 paedagogia
554 2512 570 2543 .·
634 2488 882 2559 Ryckius,
957 2486 1215 2540 adulteria
1274 2497 1647 2540 matronarum.
1746 2487 1858 2541 Hic
1920 2489 2148 2546 Othonis

225 2585 393 2639 intimi
416 2584 582 2654 ipsam
625 2581 853 2636 Neronis
876 2580 928 2633 in
965 2578 1299 2635 matrimoniis
1335 2578 1594 2640 licentiam
1620 2592 1852 2651 arguunt.
1926 2581 1992 2636 In
2015 2583 2147 2639 MS.

228 2679 369 2732 Bud.
395 2677 631 2731 adultera
654 2673 991 2741 matrimonia.
1010 2695 1029 2738 ,·
1067 2673 1206 2744 quod
1229 2675 1482 2743 probabat
1506 2672 1730 2744 LipsiuS.
1806 2673 1945 2728 Mox
1970 2675 2147 2731 mallet

224 2780 488 2844 ceteraque
526 2773 835 2849 regnorum3
888 2766 1031 2840 quasi
1065 2766 1286 2839 glossam
1325 2768 1607 2836 praeferret,
1642 2775 1929 2842 ceterasque
1963 2788 2147 2854 regno-

222 2885 340 2931 rum
363 2864 620 2918 libidines,
1316 2912 1321 2919 ,

301 2956 746 3030 Computantium.
818 2953 1014 3008 Tentat
1063 2951 1147 3006 Cl.
1201 2952 1472 3021 Emestus,
1531 2955 1963 3027 comparantium.
2035 2957 2170 3012 Sed·

222 3049 433 3113 minime
457 3048 760 3116 necessario,
784 3057 841 3101 ut
863 3046 974 3118 ipse
999 3047 1200 3112 fatetur.

274 3291 293 3315 ¹
323 3287 520 3342 Agitasse
562 3289 697 3340 Laco,
721 3287 868 3341 ignaro
895 3284 1053 3339 (32le,
1081 3283 1137 3328 de
1272 3284 1296 3308 ²
1325 3284 1492 3329 Obvius
1537 3283 1561 3326 ὲ
1616 3282 1879 3327 Germanicis
1930 3282 2141 3327 militib·-

218 3343 459 3391 occidendo
499 3343 556 3384 T.
585 3343 716 3384 Vinio
745 3341 920 3394 dicitur,
957 3340 1046 3381 sive
1087 3345 1137 3381 ut
1217 3339 1442 3381 Vitellium
1454 3339 1611 3382 infesto
1626 3339 1731 3392 ictu,
1745 3337 1955 3391 peritam,
1966 3337 2038 3380 vel
2052 3349 2138 3401 quo

215 3410 345 3452 poena
356 3398 446 3451 ejus
458 3397 621 3439 animos
630 3398 816 3439 militum
828 3397 1048 3453 mulceret,
1059 3407 1133 3435 seu
1217 3394 1423 3436 maturius
1447 3393 1643 3436 ludibriis
1677 3393 1886 3445 eximeret
1894 3413 1906 3426 ·
1919 3390 2140 3447 appetit·
2158 3413 2161 3417 ·

217 3458 269 3494 ‘ut
306 3452 520 3494 conscium
556 3451 758 3503 [Othonis
814 3449 1034 3502 credebat,
1077 3447 1134 3490 ad
1223 3450 1356 3503 Tacit.
1372 3450 1490 3502 Hist.
1518 3460 1595 3492 ιιι.
1617 3450 1686 3490 85.

215 3512 480 3564 postremum
493 3506 564 3548 vel
578 3505 693 3549 odio.
726 3506 861 3549 Tacit.
875 3505 992 3546 Hist.
1007 3515 1042 3546 ι.
1060 3507 1131 3546 39.
