1786 3204
42 201 83 243 J.
101 203 149 242 c,
166 195 234 248 69-
412 194 749 239 msTomAnu
759 199 800 237 M
831 190 995 237 [ABER
1022 189 1266 238 TERTms.
1514 203 1594 246 1209

43 317 140 355 uno
162 305 238 354 die
258 315 304 353 et
331 303 441 352 ante
462 302 616 351 'fuerat
640 301 874 352 Caninius
897 301 1127 362 Rebilus:
1153 305 1211 352 C.
1239 303 1425 352 Caesare
1448 303 1590 375 dicta·
1628 296 1631 299 ’

43 394 164 443 tore,
186 383 302 432 eum
323 382 432 430 belli
455 380 599 430 civilis
620 380 810 446 praernia
831 377 1171 429 festinarentur.

49 571 54 584 2
112 546 192 587 38.
227 538 387 587 NoTA
423 553 507 600 per
544 551 623 583 eos
658 534 754 583 dies
788 531 911 584 Junii
945 533 1117 583 Blaesi*
1152 544 1299 593 mors,
1333 543 1379 582 et
1411 526 1588 583 famosa

45 613 164 675 fuit3
201 615 262 664 de
295 614 388 679 qua
417 614 481 662 sic
510 613 784 676 accepimus.
856 612 1002 661 Gravi
1033 612 1239 676 corporis
1272 613 1438 659 morbo
1461 628 1589 677 aeger

47 692 278 751 Vitellius,
301 690 560 739 Servilianis
582 689 760 749 hortis‚³
784 688 967 748 turrim,
1001 689 1152 737 vicino
1174 689 1322 748 sitam,
1358 690 1590 737 collucere

43 773 136 834 per*
172 781 358 817 noctem
403 767 574 816 crebris
620 767 870 815 luminibus
921 766 1252 814 animadvertit.
1335 766 1589 814 Sciscitanti

46 862 250 905 causam,
281 851 316 874 ‘⁶
337 845 461 909 apud
485 844 721 893 Caecinam
742 845 986 892 Tuscum⁴
1018 843 1194 908 epulari
1215 844 1406 902 multos,
1429 843 1589 907 praeci-

50 927 82 950 “
115 939 263 988 puum
302 923 480 970 honore
522 921 714 971 Junium
752 921 959 969 Blaesum
973 922 1006 943 '³
1046 921 1312 969 nuntiatur:
1361 931 1512 969 cetera
1540 920 1590 967 in

46 1002 211 1065 majus,
243 1001 301 1048 de
337 1005 370 1028 “
389 1011 625 1063 apparatu,
659 1010 704 1047 et
726 996 885 1067 solutis
907 999 955 1046 in
977 999 1206 1047 lasciviam
1235 998 1396 1046 animis
1411 999 1462 1045 :”
1498 1010 1585 1045 nec
1613 1005 1616 1009 ’

47 1076 255 1136 defuere,
303 1076 383 1141 qui
431 1077 583 1141 ipsum
626 1077 854 1135 Tuscum,
902 1088 948 1124 et
993 1076 1122 1135 alios,
1169 1077 1251 1124 sed
1296 1075 1590 1124 criminosius

46 1154 254 1203 Blaesum
297 1154 574 1212 incusarent,
623 1158 658 1181 ‘⁶
693 1153 824 1217 quod
868 1170 997 1218 aegro
1040 1153 1448 1218 Principeg'ffaetos
1493 1152 1590 1200 dies

51 1236 84 1257 “
118 1233 326 1297 ageret.”
399 1231 498 1279 Ubi
535 1242 795 1295 asperatum
832 1232 1087 1291 Vitellium,
1124 1243 1169 1280 et
1205 1249 1340 1296 posse
1380 1231 1590 1280 Blaesum

48 1309 265 1374 perverti,
305 1309 409 1357 satis
452 1309 596 1373 patuit
634 1309 705 1368 iis,
755 1308 835 1373 qui
878 1308 1146 1373 Principum
1192 1309 1388 1357 offensas
1427 1307 1592 1357 acriter

48 1385 361 1451 speculantur,
394 1387 513 1435 datae
535 1388 591 1435 L.
616 1387 801 1435 Vitellio
825 1388 1062 1436 delationis
1087 1399 1253 1452 partes.
1321 1388 1422 1447 Ille,
1443 1385 1592 1435 infen-

48 1479 130 1512 sus
162 1463 335 1523 Blaeso,
368 1464 660 1513 aemulatione
692 1465 851 1529 prava,
869 1466 1031 1532 *quod
1051 1483 1160 1514 eum
1195 1465 1322 1513 omni
1361 1465 1591 1525 dedecore

45 1541 356 1601 maculosum,
389 1541 576 1607 egregia
605 1540 730 1590 fama
766 1542 980 1602 anteibat,
1003 1543 1272 1591 cubiculum
1294 1541 1591 1607 Imperatoris

47 1630 238 1678 roeerat,
260 1618 409 1667 filium
431 1621 530 1685 ejus
543 1623 558 1648 ⁵
591 1619 694 1668 sinu
717 1621 1008 1685 complexus,
1039 1632 1085 1668 et
1119 1620 1314 1686 genibus
1347 1619 1558 1668 accidens
1573 1634 1588 1665 ε

49 1711 236 1745 causam
273 1694 553 1745 confusionis
570 1694 589 1718 ⁶
618 1698 879 1762 quaerenti:
917 1703 951 1726 ‘⁶
985 1714 1082 1746 non
1125 1715 1175 1746 se
1210 1697 1398 1762 proprio
1445 1692 1594 1754 metu,

54 1931 60 1935 -
108 1900 122 1919 ²
170 1902 347 1941 Caninius
384 1903 548 1942 Rebilus.
594 1906 643 1943 Α.
667 1906 717 1944 U.
740 1906 786 1944 C.

53 1959 147 2002 709.
178 1961 228 1995 Α.
244 1959 291 1995 C.
311 1961 378 1994 45.
408 1960 542 1995 consul
560 1959 633 1996 fuit
656 1960 787 1999 Julius

52 2011 181 2049 Caesar
191 2010 262 2049 lv,
274 2012 353 2049 sine
364 2012 511 2061 collega
524 2026 533 2050 :
546 2013 677 2051 eodem
689 2026 788 2051 anno

52 2065 199 2102 suffecti
231 2074 321 2103 sunt
355 2066 528 2103 consules
565 2067 615 2112 Q.
645 2067 813 2105 Fabius

53 2117 256 2155 Maximus
277 2127 315 2157 et
340 2119 386 2156 C.
401 2120 614 2157 Trebonius
644 2121 787 2171 Nepos.

55 2171 159 2209 cum
185 2182 314 2210 autem
343 2171 479 2210 ultimo
497 2175 585 2210 anni
607 2174 668 2212 die
690 2187 790 2212 rnor-

54 2232 147 2263 tuus
178 2233 274 2264 esset
309 2226 451 2264 Fabius
477 2227 516 2264 in
550 2228 788 2278 magistratu,

52 2279 234 2316 suffectus
255 2286 311 2317 est
339 2281 384 2317 C.
406 2280 591 2318 Caninius
618 2282 790 2327 Rebilus,

54 2344 170 2381 quem
207 2333 338 2371 irridet
379 2333 535 2372 Tullius
581 2336 702 2385 Epist.
741 2336 788 2373 ad

56 2383 291 2433 Familiares,
320 2399 398 2425 vu.
427 2392 494 2425 30.
522 2387 680 2429 Caninio
708 2402 792 2428 con-

54 2438 149 2485 sule,
165 2439 260 2477 scito
274 2441 447 2478 neminem
459 2442 677 2492 prandisse.-
698 2443 795 2481 nihil

57 2497 192 2538 tamen,
213 2506 254 2530 eo
279 2496 440 2542 consule,
457 2495 704 2544 malifactum
723 2503 792 2536 est.

57 2544 149 2583 Fuit
174 2546 268 2584 euim
292 2548 452 2598 mirifica
482 2547 700 2600 vigilantid,
729 2551 792 2602 qui

54 2611 121 2636 suo
160 2605 241 2637 toto
277 2603 471 2640 consulatu
517 2615 681 2641 somnum
718 2617 790 2642 nou

56 2651 210 2691 viderit.

857 1905 1028 1958 appellat
1059 1918 1216 1957 quoque
1253 1903 1419 1942 Kaum'mv
1447 1903 1593 1950 ‘rna-m„

860 1960 1015 2012 AEgypti
1027 1959 1265 2011 praefectum,
1275 1958 1299 1995 ὲ.
1309 1958 1460 1995 Nerone
1472 1958 1597 1994 mule·
1644 1981 1647 1983 —

860 2013 1135 2063 tatumscxiliQ
1151 2012 1257 2063 quod
1275 2012 1469 2058 balneum,
1486 2011 1597 2050 Prin-

860 2069 937 2119 cipi
970 2067 1245 2105 Alexandriam
1278 2073 1450 2112 venturo,
1486 2077 1598 2115 para-

861 2128 945 2160 tum
980 2128 1075 2159 essct
1106 2122 1312 2171 ingressus:
1343 2120 1444 2156 idem
1481 2118 1598 2157 habet

862 2175 1066 2214 Suetonius
1080 2175 1119 2211 in
1138 2175 1232 2212 Ner.
1250 2185 1391 2211 xxxv.
1423 2173 1596 2219 Tuscum,

859 2229 1021 2267 nutricis
1033 2228 1178 2278 filium,
1205 2227 1403 2277 relegavit,
1435 2223 1538 2276 qnod
1558 2225 1599 2264 in

857 2283 1126 2333 procuratione
1160 2281 1332 2333 AEgypti,
1369 2279 1510 2317 balneis
1559 2280 1599 2317 in

864 2338 1062 2374 adventum
1084 2349 1188 2374 suum
1215 2333 1416 2372 exstructis
1433 2333 1600 2371 lavisset.

867 2390 1052 2428 Reversus
1068 2390 1219 2427 videtur
1241 2388 1405 2432 Tuscus,
1424 2387 1515 2424 cum
1533 2400 1602 2424 ex-

867 2443 949 2482 ules
972 2443 1167 2481 revocavit
1195 2442 1348 2488 Galba3
1379 2448 1423 2479 ut
1449 2441 1600 2479 dictum.

865 2506 920 2535 est
937 2510 1053 2548 supra
1076 2488 1177 2533 Hist.
1195 2507 1245 2534 11.
1263 2500 1330 2540 92.

916 2548 930 2571 ⁵
975 2551 1111 2589 Filium
1155 2553 1248 2601 effus.
1285 2550 1598 2588 Germanicum:

863 2617 980 2654 supra
998 2605 1099 2642 Hist.
1118 2615 1166 2640 11.
1184 2607 1247 2648 59.

917 2653 937 2675 ‘³
982 2657 1234 2709 contusionis.
1288 2656 1604 2697 Pet-turbationis.

36 2714 39 2715 ⁷
110 2701 131 2720 ²
161 2706 272 2748 Junii
307 2707 434 2747 Bloesi.
476 2709 539 2747 De
570 2721 650 2761 quo
679 2710 794 2762 plura
868 2712 931 2750 Sic
951 2712 1112 2757 Plinius,
1132 2722 1161 2748 1.
1185 2711 1257 2761 Ep.
1274 2714 1338 2749 22.
1369 2711 1461 2748 Erit
1476 2712 1606 2763 ⁶⁰⁷!ft‘·

59 2757 162 2798 Hist.
182 2772 233 2799 11.
253 2765 318 2806 59.

111 2807 129 2831 ³
157 2811 378 2865 Servilianis
414 2800 548 2855 hortis.
583 2816 681 2858 ·Jam
717 2830 795 2856 me·

57 2867 216 2905 moratis
229 2881 347 2919 supra
366 2870 508 2908 Annei.
531 2883 604 2908 xv.
620 2874 687 2909 55.

866 2765 963 2803 sioni
979 2778 1066 2803 meoe
1076 2778 1149 2802 non
1167 2764 1350 2803 mediocre
1367 2765 1554 2811 solatium,
1570 2767 1605 2804 si

871 2824 913 2857 tu
938 2818 1041 2856 nihil
1069 2819 1253 2869 quereris,¹
1276 2828 1314 2856 et
1341 2830 1411 2856 111.
1440 2819 1514 2868 Ep.
1542 2823 1606 2858 10.

876 2871 1029 2911 Veritus
1058 2885 1138 2910 sum
1165 2885 1210 2909 ne
1239 2885 1304 2910 vos
1322 2871 1443 2924 festis
1480 2873 1607 2911 diebus
1637 2912 1647 2919 ,
1675 2922 1678 2924 -

110 2918 130 2939 ⁴
158 2919 352 2972 Cau-inam⁴
377 2923 549 2963 Tuscum.
606 2924 796 2962 Eumdem
872 2926 1146 2977 corffrmderem,
1173 2926 1206 2964 si
1233 2925 1273 2963 in
1291 2926 1502 2976 memor-ing»
1513 2939 1609 2978 gra·

58 2974 163 3022 sane,
197 2987 312 3026 quem
347 2976 439 3025 Dio,
474 2987 606 3017 ant.
633 2991 671 3031 p.
702 2981 796 3021 723.

262 3054 382 3090 vol...
454 3055 533 3090 m.

872 2979 1011 3018 nissimi
1029 2978 1404 3020 luctuareduxissm.

1225 3058 1258 3091 Ο
