1786 3204
176 156 256 200 §16
677 152 726 196 C.
745 153 1013 196 CORNELII
1041 151 1229 195 TACITI
1425 158 1479 197 A.
1498 158 1548 199 U.
1566 158 1615 199 C.
1637 158 1733 202 822.

209 295 215 299 -
245 268 326 313 29.
361 259 495 312 HAEc
520 258 737 310 ferociter
753 255 986 326 jactando,
1015 259 1282 326 postquam,
1315 260 1528 313 immissis
1561 261 1732 314 lictori-

174 343 281 402 buS‚
316 341 488 389 Valens
509 355 724 388 coercere
745 338 1017 388 seditionem
1038 341 1286 406 coeptabat,
1318 340 1472 406 ipsum
1486 341 1731 404 invadunt,

157 422 288 469 ‘saxa
300 419 492 485 jaciunt,
521 416 779 482 fugientem
800 427 1073 481 sequuntur.
1147 421 1177 442 “
1201 417 1357 483 Spolia
1380 418 1660 480 Galliarum,
1681 429 1731 470 et

181 502 211 524 “
234 495 569 545 Viennensium
585 496 787 553 aurum,¹
805 505 851 542 et
867 494 1012 558 pretia
1027 494 1242 543 laborum
1258 513 1452 545 suorum
1468 497 1730 559 occultam&

175 550 478 634 clamitantes,
514 572 701 638 direptis
735 572 938 632 sarciniS,
974 573 1269 623 tabernacula
1303 574 1452 634 ducis,
1487 569 1730 641 ipsamque
1776 623 1778 625 ,

176 654 379 703 humum
414 651 517 717 pilis
560 662 606 700 et
639 651 807 700 lanceis
851 650 1164 700 rimabantur.
1199 669 1310 701 nam
1348 652 1538 711 Valens,
1575 651 1730 702 servili

157 790 163 795 ..
178 742 322 791 veste,
357 731 481 796 apud
503 730 802 779 decurionem
831 729 1041 795 equitum
1073 733 1329 797 tegebatur.
1397 731 1527 779 Tum
1548 730 1730 796 Alphea
1759 792 1762 795 v

175 826 270 859 nus
319 811 500 869 Varus,
523 807 773 874 praefectus
823 819 1098 868 castrorum,
1169 809 1474 875 deflagrante
1505 808 1728 873 paulatim

176 887 417 948 seditione,
465 887 592 935 addit
637 886 898 945 consilium,
945 886 1094 935 vetitis
1137 887 1267 935 obire
1309 886 1484 953 vigilias
1528 886 1759 949 centuria*

178 966 383 1025 onibus,²
428 965 597 1013 omisso
649 966 793 1012 tubae⁴
814 980 947 1023 sono,
998 981 1094 1028 quo
1139 965 1271 1012 miles
1313 965 1373 1013 ad
1416 964 1526 1013 belli
1569 963 1729 1014 munia

178 1045 340 1093 cietur.
410 1042 558 1108 Igitur
577 1053 762 1106 torpere
785 1041 955 1100 cuncti,
990 1041 1372 1107 circumspectare
1401 1042 1521 1095 inter
1540 1060 1591 1091 se
1613 1053 1728 1091 atto-

176 1122 292 1171 initi:
329 1133 375 1170 et
409 1121 458 1169 id
485 1119 655 1185 ipsum,
690 1119 823 1184 quod
844 1135 984 1167 nemo
1011 1131 1210 1184 regeret,
1245 1130 1492 1184 paventes3
1529 1114 1729 1180 silentio,

176 1198 411 1265 patientia,
428 1198 666 1264 postremo
690 1197 904 1262 precibus
926 1214 979 1251 ac
1001 1197 1215 1263 lacrymis
1237 1197 1417 1246 veniam
1440 1198 1727 1262 quaerebant*-

179 1279 251 1327 Ut
271 1277 386 1326 verb
411 1275 632 1325 deformis
655 1287 700 1323 et
723 1275 855 1334 flens,
878 1286 924 1323 et
945 1285 1115 1340 praeter
1136 1291 1266 1340 spem
1287 1275 1532 1324 incolumis
1554 1275 1727 1325 Valens

177 1355 416 1421 processit,
452 1354 692 1421 gaudium,
727 1348 974 1412 miseratio,
1004 1351 1165 1402 favor:
1200 1353 1319 1402 versi
1341 1353 1389 1400 in
1419 1352 1621 1402 laetitiam
1650 1354 1728 1418 (ut

177 1445 248 1483 est
290 1433 460 1499 vulgus
500 1444 699 1497 utroque
743 1431 1071 1493 immodicum)
1110 1431 1346 1485 laudantes
1384 1441 1726 1496 gratantesque,

177 1512 517 1560 circumdatum
556 1509 718 1575 aquilis
762 1499 1012 1574 signisque,
1047 1508 1096 1556 in
1138 1509 1339 1557 tribunal
1383 1505 1554 1556 ferunt.
1623 1507 1728 1569 Ille,

177 1590 278 1638 utili
301 1589 632 1647 moderatione,
661 1584 764 1635 *non
796 1580 1073 1653 supplicium
1103 1588 1375 1652 cujusquam
1397 1586 1635 1655 poposcit:
1669 1601 1727 1636 ac

149 1715 151 1718 ,
177 1683 239 1716 ne
262 1667 550 1715 dissimulans
582 1665 835 1729 suspectior
869 1663 1007 1724 foret,
1041 1681 1213 1729 paucos
1234 1663 1484 1712 incusavit:
1503 1667 1516 1691 ³
1552 1678 1727 1731 gnarus

173 1746 386 1795 ,civilibus
407 1745 539 1794 bellis
562 1745 667 1810 plus
684 1744 919 1803 militibus,
953 1743 1098 1809 quam
1120 1743 1332 1802 ducibus,
1366 1742 1542 1792 licere.4
1657 1769 1660 1774 ·

247 1910 326 1950 30.
379 1903 765 1949 MUNIENTIBUS
811 1911 958 1949 castra
995 1900 1119 1964 apud
1163 1898 1400 1958 Ticinum,
1434 1898 1495 1947 de
1531 1895 1726 1957 advexsfi

180 1980 383 2030 Caecinae
419 1978 579 2044 pugna
615 1979 821 2037 allatum,
858 1989 904 2027 et
933 1995 1077 2042 prope
1099 1975 1318 2024 re⁴novata
1339 1975 1518 2035 seditio,
1552 1980 1587 2005 ‘⁶
1608 1985 1727 2025 tam:-

183 2061 214 2084 “
236 2074 378 2122 quam
399 2056 563 2105 fraude
580 2067 626 2104 et
642 2054 1006 2104 cunctationibus
1020 2054 1225 2102 Valentis
1242 2053 1403 2118 praelio
1426 2051 1726 2104 defuissent-’⁹

178 2136 322 2184 Nolle
339 2135 565 2199 requiem,
599 2151 696 2181 non
717 2134 1171 2198 expectare-ducem,
1193 2132 1366 2180 anteire
1387 2131 1533 2198 signa,
1555 2144 1726 2197 urgere

178 2212 451 2280 signiferosz
486 2212 646 2276 rapido
670 2212 852 2278 agmine
872 2211 1073 2261 Caecinae
1089 2212 1366 2276 junguntur.
1435 2210 1728 2273 Improspera

239 2412 253 2433 ¹
294 2413 552 2452 Viennensium
582 2426 726 2461 aarum.
775 2412 915 2456 Valen
983 2425 1111 2451 omnes
1138 2411 1177 2449 in
1203 2409 1278 2449 hac
1306 2406 1438 2463 culpa,
1467 2421 1537 2455 nec
1567 2408 1725 2460 excerpi

186 2474 261 2506 tem
287 2467 424 2519 magna
453 2468 726 2505 Viennensium
754 2467 919 2518 pecunia
985 2466 1101 2518 pauci
1118 2473 1289 2516 potuere.
1345 2464 1416 2501 Vir
1441 2462 1617 2501 eruditus
1645 2473 1724 2514 non

186 2530 332 2560 emtum
381 2522 547 2559 vidimus
597 2534 713 2573 supra
750 2521 852 2558 lrlist.
887 2533 918 2559 1.
986 2520 1149 2559 atttndit
1166 2519 1214 2556 ad
1237 2518 1348 2556 ducis
1374 2516 1614 2562 industriam,
1639 2515 1726 2566 jam

186 2573 253 2614 66.
988 2574 1186 2612 laudatam
1203 2585 1319 2623 supra
1339 2571 1439 2609 Hist.
1468 2582 1499 2608 1.
1529 2573 1582 2608 84
1600 2577 1638 2607 et
1656 2572 1724 2619 85.

240 2628 258 2645 ²
296 2630 407 2668 Obire
438 2629 591 2680 vigilias
628 2628 918 2668 centurionibus.
988 2628 1089 2666 Cum
1108 2627 1236 2678 plures
1255 2625 1510 2677 peccavelint‚
1521 2624 1560 2662 in
1578 2635 1726 2676 paucos

188 2685 250 2722 De
285 2684 359 2723 hoc
394 2697 467 2722 usu
500 2684 589 2721 vide
624 2696 740 2734 supra
774 2681 918 2721 Annal.
988 2681 1317 2726 animadvertitur,
1345 2679 1492 2730 optimo
1515 2677 1725 2716 severitatis

185 2750 256 2775 xv.
275 2742 342 2776 30.
991 2736 1120 2774 modo,
1643 2755 1646 2756 ν

241 2788 256 2811 ³
276 2792 422 2830 Paucos
442 2791 639 2830 incusavit.
657 2792 812 2829 Frustra
831 2790 923 2841 Lip·
1041 2788 1218 2827 ⁴Licere.
1239 2787 1406 2824 Causam
1421 2786 1538 2835 hujus
1554 2761 1723 2823 licentiae

185 2846 263 2889 sius
283 2846 384 2896 legit,
396 2845 529 2896 paucis
542 2860 555 2884 .·
586 2845 695 2895 quasi
715 2846 751 2883 id
771 2845 820 2882 ad
839 2846 922 2882 bre·
988 2843 1158 2881 animose
1171 2841 1357 2891 expressit
1369 2840 1561 2885 Lucanus,
1574 2851 1614 2876 v.
1629 2841 1726 2883 290.

184 2900 343 2938 vitatem
361 2899 541 2936 orationis
562 2899 759 2943 referatur,
779 2911 855 2936 non
873 2898 922 2935 ad

187 2966 265 3003 eos,
309 2954 378 3006 qui
413 2952 648 3004 peccarant5
696 2953 800 3005 quod
833 2951 923 2990 sane
1090 2929 1612 2974 Facznus‚quosznquznat,aeqm.
