1786 3204
205 163 257 199 40
641 154 688 192 C.
707 151 982 195 *CORNELII
1009 153 1194 193 TACITI
1235 211 1238 214 Δ
1411 157 1461 195 A.
1491 156 1543 206 U.
1566 154 1616 195 C.
1645 160 1747 196 822.

203 255 386 310 “falsis
436 254 717 313 nominibus,
753 254 1040 306 severitatem
1058 283 1060 285 ·
1078 272 1164 320 pro
1195 255 1385 315 saevitia,
1418 257 1753 320 pm-sinmnhm

205 342 240 379 ‘⁵
260 352 351 399 pro
385 331 587 390 avaritia,
610 331 900 395 suppliciaet
922 332 1222 382 contumelias
1244 333 1750 398 vestms,.disciplhm

206 417 240 441 ⁶‘
264 411 475 476 appellat.
560 410 748 470 Septem
793 407 821 456 a
860 408 1062 459 Neronis
1099 410 1203 461 fine,
1229 426 1408 459 menses
1429 413 1749 477 sunt-,etjam
1783 420 1786 427 ’

204 494 239 519 ‘⁶
264 489 368 552 plus
403 483 553 548 rapuit
588 483 754 542 Icelus,
795 483 940 548 quim
977 487 1106 549 quod
1141 486 1397 551 Polycleti,¹
1415 498 1460 536 et
1482 488 1749 547 Vatinii,.-zoe

207 571 242 594 “
265 563 407 622 Helii,
430 574 475 610 et
499 560 673 609 Haloti¹
710 571 1000 624 paraverunt.
1070 563 1256 612 Minore
1279 563 1464 612 avaritia
1485 581 1538 612 ac
1559 562 1749 613 licentii}

208 646 242 669 ⁶⁶
265 650 493 706 grassatus
540 649 659 685 esset
705 640 764 685 T.
789 638 969 697 Vinius,
1008 639 1045 687 si
1083 639 1178 703 ipse
1207 641 1504 704 imperasset:
1538 651 1749 706 nuncssfflt

209 722 242 745 ‘⁶
267 719 495 781 subjectos
530 730 616 762 nos
638 714 814 772 habuit,
838 726 1074 779 tamquam
1097 733 1227 764 suos:
1265 728 1309 764 et
1332 717 1461 775 viles,
1485 729 1535 765 ut
1557 717 1744 766 alienos.

210 799 244 826 ιε
269 795 380 841 Una
413 793 490 841 illa
529 793 715 838 domus2
737 791 902 862 sufficit
925 791 1158 850 donativo,
1189 793 1316 856 quod
1340 794 1466 842 vobis
1489 806 1747 858 numquam

210 876 244 899 “
269 864 422 929 datur,
446 878 491 917 et
513 868 716 933 quotidie
739 865 1115 931 exprobratur.''³

276 1035 356 1074 38.
392 1030 426 1052 ‘⁶
443 1027 520 1072 Ac
547 1041 605 1072 ne
629 1041 720 1088 qua
742 1024 904 1073 saltem
937 1024 986 1072 in
1007 1041 1270 1074 successore
1296 1026 1463 1074 Galbae
1486 1042 1590 1090 spes
1610 1035 1748 1085 εει-ει,-

211 1110 244 1133 ‘⁶
266 1102 455 1151 arcessit
488 1103 546 1148 ab
580 1100 736 1159 exilio,
773 1118 931 1165 quern>
958 1101 1136 1149 tristitia
1181 1114 1226 1150 et
1273 1102 1461 1150 avaritia
1482 1103 1552 1150 sui
1574 1101 1746 1151 similli-

210 1187 244 1210 ⁶⁶
268 1181 420 1228 mum4
450 1178 696 1244 judicabat.
787 1179 990 1237 Vidistis,
1036 1180 1386 1238 commilitones,
1416 1179 1604 1228 notabili
1633 1190 1749 1228 tem--¹

210 1263 245 1287 ⁶⁶
269 1259 476 1321 pestate‚⁵
515 1255 651 1302 etiam
686 1256 816 1302 Deos
831 1255 838 1261 ’
854 1254 1098 1304 infaustam
1143 1257 1438 1321 adoptionem
1473 1262 1747 1304 aversantes:

210 1339 244 1363 ‘⁶
269 1334 399 1382 Idem
434 1331 638 1390 senatus,
676 1331 800 1381 idem
822 1333 983 1396 populi
1010 1334 1210 1382 Romani
1233 1335 1412 1382 animus
1433 1346 1515 1382 est.
1583 1335 1750 1385 Vestra

211 1411 414 1458 “virtus
458 1420 764 1472 expectatur,
791 1411 916 1474 apud
961 1428 1089 1475 quos
1127 1429 1267 1460 omne
1311 1411 1512 1459 honestis
1551 1409 1750 1459 consiliis

209 1493 245 1516 ‘⁶
268 1489 431 1545 robur,
470 1498 516 1534 et
555 1486 651 1534 sine
693 1486 877 1550 quibus,
919 1489 1128 1553 quamvis
1161 1488 1361 1554 egregia,
1399 1487 1595 1536 invalida
1620 1498 1750 1536 sunt:

211 1570 246 1594 ‘⁶
268 1566 385 1613 Non
420 1564 478 1611 ad
517 1564 693 1611 bellum
729 1580 829 1623 vos,
869 1581 954 1613 nec
995 1566 1054 1613 ad
1075 1565 1333 1630 periculum
1354 1563 1749 1626 vocor-omnium

211 1647 245 1670 ⁶⁶
269 1641 467 1689 militum
510 1657 637 1688 arma
675 1640 917 1689 nobiscum
956 1653 1077 1691 sunt.
1146 1645 1249 1692 Nec
1273 1659 1365 1691 una
1387 1642 1555 1690 cohors
1575 1636 1751 1708 togata‘

211 1723 246 1749 ‘⁶
269 1717 475 1766 defendit
496 1734 620 1765 nunc
649 1718 876 1778 Galbam,
892 1721 973 1767 sed
991 1721 1174 1769 detinet.
1206 1753 1211 1758 ·
1247 1722 1377 1770 Cum
1399 1737 1482 1768 vos
1502 1717 1750 1784 aspe'x'efiss

211 1801 246 1825 ‘⁶
270 1796 385 1843 cum
423 1795 607 1859 signum
631 1791 808 1842 meum⁷
832 1797 1075 1860 acceperit,
1098 1798 1188 1846 hoc
1211 1798 1363 1845 solum
1380 1796 1466 1845 erit
1496 1799 1750 1855 certamen,

208 1878 243 1901 ‘⁶
268 1872 368 1937 quis
404 1871 516 1919 mihi
554 1872 809 1935 plurimum
845 1864 1054 1938 imputet.
1123 1875 1297 1923 Nullus
1318 1871 1596 1922 cunctationi
1616 1872 1749 1922 1001ss

267 2065 280 2081 ¹
312 2064 366 2102 Et
385 2063 536 2101 Haloti.
563 2062 797 2113 Polycletus,
826 2065 938 2102 Vati-

210 2119 309 2164 nius,
342 2117 489 2162 Helius‚
520 2116 699 2163 Halotus,
713 2117 843 2155 famosi
865 2121 937 2156 sub

213 2174 365 2211 Nerone
392 2170 529 2216 liberti,
560 2183 656 2220 saepe
684 2173 880 2208 memorati
900 2173 937 2209 in

211 2225 421 2264 Annalium
442 2223 558 2261 libris.
617 2224 676 2260 De.
692 2224 834 2261 Haloto
855 2226 939 2264 vide

213 2279 342 2316 adhuc
363 2278 585 2315 Suetonium
607 2277 644 2313 in
665 2276 805 2322 Galba,
826 2291 900 2317 xv.

265 2330 284 2348 ²
315 2332 402 2369 Una
428 2331 495 2368 illa
515 2331 651 2368 domus.
719 2331 795 2368 Titi
833 2332 938 2369 Vinii

212 2387 360 2423 domus.
412 2384 470 2425 Ex
487 2384 743 2433 magnitudine
756 2385 939 2432 donativi,

212 2441 258 2476 de
285 2438 363 2487 qua
400 2437 545 2474 dictum
577 2450 691 2487 supra
728 2437 765 2473 in
803 2438 937 2488 Suppl.

212 2491 355 2530 Annal.
390 2502 481 2526 xvi.
520 2494 581 2527 35.
610 2490 726 2540 quam
757 2491 939 2539 opulenta

150 2558 153 2560 ·
211 2545 325 2584 fuerit
345 2544 449 2579 Vinii
468 2544 553 2580 dom
562 2557 603 2580 us
613 2543 789 2580 aestimari
804 2552 937 2592 potest.

265 2597 279 2619 ³
305 2597 580 2646 Exprobratur.
596 2597 813 2647 Exprobrat
824 2599 939 2640 enim,

209 2653 277 2703 qui
294 2663 439 2699 semper
458 2650 660 2699 promittit.

262 2704 282 2726 ⁴
310 2703 554 2742 Simillimum.
610 2703 799 2741 Pisonem.

263 2757 278 2779 ⁵
314 2758 561 2805 Tempestate.
593 2757 653 2794 De
685 2755 763 2807 qua
795 2756 942 2794 dictum

211 2818 266 2849 est
278 2822 394 2859 supra
414 2822 500 2860 cap.
524 2814 584 2848 18.

265 2860 283 2882 ⁶
313 2863 367 2901 Co
393 2877 456 2901 ors
488 2868 634 2914 togata.
689 2862 810 2912 Toga,
837 2861 948 2899 vestis

221 2924 302 2956 erat
319 2930 342 2955 u
352 2905 480 2965 rhana,
496 2929 613 2968 quum
637 2915 760 2967 posito
772 2929 874 2968 sago,
885 2928 951 2954 seu

1014 2069 1232 2106 vestimento
1263 2067 1432 2113 militari,
1449 2065 1659 2118 induebant
1677 2061 1748 2109 ini-

1016 2122 1110 2168 lites,
1132 2136 1178 2160 ne
1197 2122 1296 2160 Urbs
1308 2121 1594 2165 efferaretur-,et
1606 2122 1748 2157 castro-

1015 2189 1099 2213 rum
1145 2175 1309 2226 speciem
1363 2174 1529 2212 haberet.
1598 2171 1635 2213 ,Τ
1635 2177 1748 2227 ogatn

1014 2237 1095 2266 erat
1126 2229 1274 2273 cohow,
1307 2240 1393 2278 quae
1424 2227 1461 2264 iu
1481 2225 1623 2277 palatio
1642 2224 1748 2264 stati-

1015 2281 1124 2320 onem
1154 2284 1301 2332 agebat,
1328 2289 1369 2318 ut
1388 2281 1536 2318 dictum
1554 2287 1608 2317 est
1629 2291 1748 2329 supra,

1014 2349 1101 2387 cap.
1139 2340 1203 2380 29.
1262 2334 1540 2380 Domitianum,
1572 2332 1678 2383 quod
1694 2332 1747 2370 in

1017 2390 1118 2427 Urbe
1148 2389 1335 2431 resideret,
1376 2388 1541 2424 Martem
1575 2392 1747 2437 togatum

1015 2443 1222 2493 appellavit
1242 2441 1447 2487 Martialis,
1474 2440 1667 2491 Epigram.
1685 2449 1746 2477 Ἡ.

1015 2494 1079 2539 76.
1458 2491 1473 2520 -‘
1722 2503 1725 2509 ’

1013 2584 1069 2610 Ille
1080 2583 1161 2608 sacri
1174 2583 1279 2608 laturis
1291 2583 1396 2610 castas.
1410 2581 1577 2612 Martisque
1588 2578 1705 2612 matis,

1064 2623 1187 2648 Credita
1201 2622 1252 2647 cni
1265 2621 1374 2647 summi
1387 2619 1586 2652 castra-Mn
1602 2616 1700 2649 dude.

1073 2693 1087 2715 ⁷
1108 2693 1265 2744 Signum
1279 2706 1407 2732 meum.
1421 2693 1482 2730 Ne
1497 2691 1570 2730 hoc
1580 2689 1751 2741 accipin

1023 2748 1070 2786 de
1096 2748 1250 2786 vexillo.
1280 2747 1407 2798 Supra
1420 2745 1562 2784 Annal.
1578 2756 1682 2783 xm.
1707 2747 1748 2784 2.

1027 2802 1131 2839 Nero
1160 2802 1306 2852 signum
1333 2813 1436 2838 more
1469 2799 1612 2838 maitiae
1625 2802 1754 2849 peten-

1026 2856 1057 2893 ti
1110 2855 1257 2894 tribuno
1322 2854 1439 2902 dedit,
1492 2850 1752 2892 OPTIMAB

1032 2907 1261 2949 MATRIS.
1299 2945 1302 2947 ,
