1786 3204
186 146 238 182 34
723 143 769 180 c,
798 140 1066 180 confflem
1093 131 1279 180 TAcrrt
1405 138 1455 177 A.
1484 137 1537 178 υ.
1564 138 1612 179 c,
1641 139 1734 179 822.
1782 114 1786 164 ἶ

192 250 226 274 “
250 242 401 294 vestra
441 258 581 291 manu
618 241 819 307 positum
843 253 939 291 est:
975 258 1072 290 non
1096 241 1220 306 quia,
1243 257 1354 290 meo
1372 240 1578 300 nomine,
1599 239 1735 291 tn'sti-

188 327 221 351 ‘⁶
246 338 377 369 orem
416 336 575 368 casum
614 335 822 382 paveam,
846 329 898 366 ut
920 318 999 382 qui
1021 320 1235 366 adversas
1256 333 1331 366 res
1353 329 1591 382 expertus,
1614 316 1731 367 αῦτη

193 404 234 426 “’
251 397 452 446 maxime
491 396 680 452 discam,
720 411 780 443 ne
819 395 1043 443 secundas
1077 394 1267 459 quidem
1289 395 1442 443 minus
1464 393 1754 445 discriminis

195 481 228 503 ‘⁶
253 476 454 524 haberet:
490 472 662 537 patris,¹
688 471 960 537 etssenatfis,
983 483 1028 520 et
1045 471 1185 535 ipsius
1201 471 1399 536 imperii,
1415 471 1565 519 vicem
1578 471 1748 530 doleo„⁴

196 557 229 580 ‘⁶
254 551 288 600 si
329 551 479 608 nobis,
519 561 597 597 aut
633 548 781 613 perire
812 549 958 603 ,hodie
994 565 1180 598 necesse
1218 560 1303 607 est,
1331 559 1426 607 aut,
1451 548 1580 612 quod
1600 547 1750 613 aeque-

198 635 230 657 ‘⁶
255 629 378 692 apud
415 629 563 675 bonos
602 626 821 674 miserum
862 637 946 684 est,
987 625 1212 673 occidere.
1282 625 1506 673 Solatium
1534 625 1737 689 progimi

198 711 231 734 ⁶⁶
257 703 432 752 motfis²
472 703 787 759 habebamus„
808 701 1094 751 incruentam
1136 703 1342 760 Urbem,
1367 713 1411 750 et
1433 718 1508 750 res
1529 702 1628 751 sine
1647 701 1739 752 dis-

199 787 231 809 “
256 778 413 830 cordia
454 780 703 829 translatas.
773 779 1014 826 Provisum
1047 778 1291 845 adoptione
1326 775 1582 838 videbatur,
1604 791 1656 828 ut
1677 795 1753 837 nez

199 863 232 886 ⁶⁶
257 868 360 922 post
386 857 586 906 Galbam
610 856 798 921 quidem
819 856 943 904 bello
967 856 1097 904 locus
1119 856 1288 904 esset.'’
1308 862 1309 865 ’

270 1023 349 1062 30.
386 1020 418 1043 ‘⁶
444 1015 609 1061 Nmu,
650 1013 878 1078 arrogabo
918 1012 1030 1060 mihi
1069 1012 1332 1072 nobilitatis,
1360 1023 1438 1061 aut
1469 1006 1759 1065 modestiaet*

202 1097 234 1120 ⁶⁶
259 1109 410 1156 neque
451 1091 574 1138 enim
609 1091 756 1138 relatu
796 1090 1036 1147 virtutum,
1075 1089 1122 1136 in
1158 1090 1498 1154 comparatione
1522 1091 1753 1152 Othonis,¹>

201 1174 233 1197 ⁶⁶
257 1185 374 1232 opus
398 1179 479 1216 est.
527 1167 663 1230 Vitia,
689 1167 856 1232 quibus
879 1168 986 1215 solis
999 1167 1240 1231 gloriatur,
1256 1168 1756 1232 evertereimperiums

201 1250 235 1273 ⁶⁶
260 1245 395 1293 etiam
434 1245 549 1292 cum
589 1244 789 1292 amicum
825 1245 1131 1308 Imperatoris³
1178 1257 1347 1311 ageret.
1423 1245 1658 1294 Habitune
1694 1257 1741 1294 et

202 1328 235 1350 ‘⁶
257 1322 455 1380 incessu,
495 1338 554 1369 an
593 1321 674 1368 illo
709 1321 923 1369 muliebri
959 1325 1162 1380 ornatu,⁴
1183 1334 1439 1370 mereretur
1459 1321 1740 1386 imperium?

200 1405 233 1427 ‘⁶
257 1399 516 1456 Falluntur,
535 1399 703 1462 quibus
725 1398 910 1445 luxuria
932 1398 1082 1462 specie
1099 1387 1378 1447 liberalitatis
1389 1399 1596 1463 imponit.
1630 1399 1759 1448 Per--

202 1481 236 1503 ⁶⁶
260 1476 371 1523 dere
393 1475 476 1522 iste
499 1475 627 1533 sciet,
649 1475 822 1523 donare
844 1475 1030 1522 nesciet.
1101 1477 1271 1539 Stupra
1292 1492 1436 1534 nunc,
1459 1487 1504 1524 et
1518 1492 1757 1525 comessa·¹

203 1558 236 1581 ‘⁶
259 1552 423 1610 tiones,
464 1562 510 1599 et
548 1550 849 1599 foeminarum
871 1563 1038 1610 coetus,
1061 1552 1205 1599 volvit
1227 1551 1410 1600 animo:
1446 1552 1548 1600 haec
1569 1551 1744 1602 Princi-

201 1634 234 1657 ‘⁶
259 1629 396 1692 patfis
434 1628 623 1691 praemia
661 1639 819 1691 putat;
876 1645 1096 1692 quorum*
1114 1616 1255 1676 libido
1291 1645 1343 1677 ac
1366 1628 1579 1692 voluptas
1601 1632 1743 1693 penes

201 1711 235 1734 ⁶⁶
260 1706 411 1769 ipsum
450 1704 524 1763 sit,
551 1707 697 1752 rubor
719 1722 770 1752 ac
807 1706 1007 1754 dedecus
1030 1722 1170 1770 penes
1193 1722 1370 1754 omnes.
1438 1707 1598 1754 Nemo
1617 1704 1761 1760 enim

198 1788 232 1810 ⁶⁶
257 1798 478 1845 umquam
500 1781 762 1845 imperium,
781 1781 950 1847 flagitio
974 1782 1235 1847 quaesitum,
1259 1783 1392 1830 bonis
1414 1783 1589 1831 artibus
1608 1798 1743 1832 exer-

201 1864 235 1887 ‘⁶
260 1859 366 1906 cuit.
455 1858 657 1906 Galbam
692 1874 942 1906 consensus
980 1860 1161 1924 generis
1200 1859 1408 1918 humani,
1446 1875 1523 1907 me
1569 1859 1740 1918 Galba,

200 1941 234 1963 ‘⁶
259 1934 644 1983 consentientibus
679 1935 826 1993 vobis,
865 1936 1098 1984 Caesarem
1128 1935 1258 1984 dixit.
1328 1935 1377 1984 Si
1398 1935 1673 2000 respublica,
1695 1946 1743 1984 et

203 2017 237 2039 ‘⁶
260 2023 460 2069 senatus,
499 2022 544 2058 et
566 2012 783 2074 populus,
806 2027 922 2058 vana
942 2011 1132 2060 nomina
1153 2024 1287 2064 sunt:
1325 2011 1496 2071 vestra,
1519 2011 1744 2061 commili-

203 2093 236 2116 ⁶⁶
259 2099 413 2146 tones,
448 2087 652 2145 interest,
681 2103 741 2134 ne
763 2088 1096 2151 Imperatorem
1119 2089 1303 2152 pessimi
1327 2088 1511 2137 faciant.
1577 2088 1764 2158 Legio-5

203 2170 238 2193 ‘⁶
262 2180 378 2212 num
417 2163 578 2210 seditio
617 2164 869 2213 adversum
900 2165 1043 2214 duces
1063 2182 1175 2214 suos
1195 2165 1351 2214 audita
1372 2176 1440 2215 est
1460 2144 1740 2230 aliquando:

205 2246 238 2269 ‘⁶
261 2252 411 2288 vestra
451 2241 610 2298 fides,⁵-
636 2239 868 2303 famaque,
905 2240 1061 2290 inlaesa
1086 2241 1146 2290 ad
1176 2242 1302 2290 hunc
1325 2243 1447 2290 diem
1469 2242 1662 2292 mansit:
1694 2251 1746 2290 et

206 2323 239 2346 ‘⁶
262 2319 394 2366 Nero
431 2333 619 2382 quoque
657 2334 739 2369 vos
775 2317 993 2377 destituit,
1035 2334 1130 2367 non
1152 2335 1235 2367 vos
1257 2320 1513 2368 Neronem.
1581 2317 1747 2368 Minus

260 2550 274 2567 ¹
307 2546 452 2587 Patris.
509 2549 658 2586 Galbae.
695 2528 699 2530 l
1014 2550 1214 2589 Anecdota
1250 2551 1424 2588 Neronis.
1481 2549 1646 2588 Othonis
1663 2562 1747 2602 spe-

261 2602 281 2620 ²
311 2601 480 2641 Proximi
510 2601 645 2640 motas.
702 2602 793 2648 Quo
842 2604 945 2642 Nero
1013 2604 1162 2650 culum,
1175 2603 1347 2654 aliosque
1365 2603 1748 2648 muliebresornatus,

204 2662 488 2699 exauctoratus.
1013 2670 1081 2694 nec
1127 2657 1381 2702 Semiramidi,
1422 2669 1491 2694 uec
1533 2656 1747 2707 Cleopatrae

259 2711 273 2732 ²
306 2708 566 2758 Imperatoris.
626 2709 802 2747 Neronis.
1013 2720 1135 2756 notos,
1167 2711 1291 2761 carpit.
1319 2709 1517 2750 Juvenalis
1539 2710 1664 2762 Satyr
1695 2720 1746 2748 11.

257 2764 277 2786 ⁴
306 2760 489 2801 Mulzebrz
502 2766 651 2799 ornatu
708 2763 864 2813 Quippe
878 2764 946 2814 qui
1012 2768 1064 2809 <39
1083 2771 1213 2814 etseq.

204 2828 243 2858 et
276 2819 359 2867 ipsa
392 2813 532 2863 pedum
564 2814 722 2864 xcstigia
751 2826 946 2866 unguento
1027 2815 1029 2817 ’
1066 2814 1079 2836 ⁵
1113 2815 1371 2866 Vestrafides
1427 2812 1634 2855 Cohortem
1653 2826 1748 2869 prae-

199 2874 377 2923 ·tingcret,
410 2874 455 2905 ut
474 2867 624 2911 dictum
644 2877 699 2906 est
719 2869 816 2907 infia
849 2870 947 2908 inur
1014 2871 1248 2909 toxianorum
1266 2868 1551 2920 alloquebatur.
