1786 3204
67 175 106 215 J.
129 175 177 214 C.
204 171 272 220 69.
449 172 837 212 HISTORIARUM
866 172 1031 212 LIBER
1058 172 1281 211 PRIMUS.
1555 177 1606 211 41

72 280 106 306 α
129 286 197 324 est
231 275 280 323 in
319 290 375 322 eo
412 274 616 329 consilio,
665 274 791 338 quod
827 289 923 320 non
959 284 1109 337 potest
1131 273 1323 332 laudari,
1344 272 1430 320 nisi
1453 289 1610 337 perac-

70 356 104 381 “
125 353 279 400 tum.’'
314 351 512 415 Aperire
529 350 696 398 deinde
713 350 1118 397 armamentarium
1131 350 1289 414 jussit:
1314 362 1442 414 rapta
1459 350 1611 398 statim

0 434 2 483 ξ
69 445 214 487 arma,
244 428 340 477 sine
363 445 494 475 more
512 438 556 475 et
579 427 742 474 ordine
765 426 955 484 militiae,
980 438 1033 473 ut
1056 426 1376 489 praetorianus,
1399 438 1476 474 aut
1499 426 1609 492 legi-

67 505 252 553 onarius
290 504 557 569 insignibus¹
598 503 690 551 suis
718 502 1088 567 distingueretur.
1159 502 1415 550 Miscentur
1448 503 1608 550 auxili-

0 576 2 578 ¹
66 582 237 640 aribus,
254 582 393 646 galeis
421 581 665 645 scutisque.
734 580 881 627 Nullo
905 580 1199 627 tribunorum
1225 579 1605 627 centurionumve

0 667 4 688 ÷
69 659 356 718 adhortante,
402 658 484 705 sibi
515 657 710 721 quisque
734 658 850 714 dux,
887 668 931 703 et
953 657 1218 721 instigator:
1256 668 1300 703 et
1318 656 1604 720 praecipuum

69 735 373 799 pessimorum
395 734 757 792 incitamentum,
781 733 912 799 quod
935 734 1045 781 boni
1069 736 1340 782 moerebant.

139 897 217 939 39.
252 893 279 940 J
281 908 369 942 AM,
401 890 645 939 exterritus
666 890 771 938 Piso
801 888 989 937 fremitu
1007 890 1332 938 crebrescentis
1356 889 1605 948 seditionid,

45 980 117 1018 'et
138 969 327 1017 vocibus
342 967 391 1015 in
414 969 598 1016 Urbem
613 985 760 1032 usque
787 968 1139 1026 resonantibus²,
1163 984 1399 1032 egressum
1420 967 1605 1031 interim

75 1046 294 1104 Galbam,
339 1056 385 1093 et
419 1043 524 1092 foro
563 1047 1026 1109 appropinquantem,
1065 1057 1296 1093 assecutus
1341 1056 1459 1092 erat:
1507 1046 1605 1109 jam

71 1123 249 1171 Marius
273 1123 455 1180 Celsus,
477 1123 602 1170 haud
624 1122 729 1170 laeta
749 1122 994 1169 retulerat:
1025 1122 1139 1170 cum
1156 1122 1248 1180 alii,
1272 1121 1365 1169 “in
1388 1121 1606 1184 palatium

73 1205 107 1228 “
130 1200 332 1259 redire,'’
378 1199 451 1246 alii
491 1204 524 1226 “
551 1199 831 1263 Capitolium
886 1199 1095 1262 petere,”
1137 1198 1344 1262 plerique
1390 1202 1423 1224 ‘⁶
1440 1199 1603 1246 rostra³

74 1281 109 1306 “
132 1276 432 1340 occupanda’'
471 1286 727 1334 censerent,
759 1275 916 1339 plures
949 1276 1133 1322 tantum
1156 1274 1385 1323 sententiis
1408 1274 1605 1321 aliorum

73 1352 454 1411 contradicerent,
490 1359 634 1416 utque
672 1352 822 1399 evenit
851 1351 899 1398 in
922 1352 1119 1400 consiliis
1138 1351 1411 1409 infelicibus,
1434 1350 1607 1414 optima

72 1429 354 1487 viderentur,
390 1446 591 1493 quorum
647 1440 829 1494 tempus
875 1429 1112 1494 effugerat.
1203 1427 1418 1493 Agitasse
1462 1429 1614 1486 Laco,

20 1535 31 1543 ·
72 1507 233 1572 ignaro
258 1506 428 1565 Galba,
452 1509 509 1555 de
543 1507 796 1574 occidendo
813 1509 872 1555 T.
910 1507 1046 1554 Vinio
1070 1505 1252 1564 dicitur,
1275 1505 1368 1553 sive
1391 1517 1442 1552 ut
1457 1503 1605 1568 poena

73 1586 170 1649 ejus
209 1583 384 1631 animos
424 1584 620 1632 militum
669 1585 910 1643 mulceret,
963 1601 1044 1632 seu
1098 1582 1333 1631 conscium
1388 1582 1610 1629 Othonis⁴

73 1661 304 1719 credebat,
338 1661 396 1707 ad
435 1672 721 1724 postremum
749 1662 823 1709 vel
868 1661 991 1708 odio.
1076 1660 1423 1708 Haesitationem
1445 1658 1608 1706 adtulit

74 1748 256 1801 tempus
288 1753 343 1785 ac
374 1738 521 1797 locus,
557 1739 681 1802 quia,
720 1738 846 1786 initio
882 1739 1020 1787 caedis
1043 1750 1164 1797 orto,
1188 1736 1380 1784 difficilis
1403 1736 1604 1784 modus:

74 1825 120 1862 et
157 1815 399 1862 turbavere
443 1815 684 1863 consilium
720 1816 884 1880 trepidi
906 1815 1070 1874 nuntii,
1101 1831 1153 1863 ac
1176 1813 1499 1878 proximorum
1521 1811 1607 1860 dif-

73 1889 217 1956 fugia,
261 1891 581 1955 languentibus
636 1892 846 1940 omnium
891 1892 1066 1950 studiis,
1113 1892 1192 1956 qui
1235 1892 1387 1956 primo
1437 1895 1607 1945 alacres

75 1968 217 2015 fidem
238 1978 376 2032 atque
397 1967 602 2015 animum
623 1979 975 2017 ostentaverant.

139 2129 220 2169 40.
255 2107 556 2169 AGEBAffiUR
580 2121 672 2169 huc
689 2121 799 2170 illuc
842 2122 1011 2180 Galba,
1033 2123 1159 2170 vario
1178 2126 1325 2173 turbae
1350 2124 1609 2176 fluctuantis

72 2198 272 2264 impulsu
289 2198 317 2259 3'
354 2198 592 2262 completis
628 2200 834 2263 undique
875 2199 1068 2248 basilicis
1100 2218 1151 2248 ac
1177 2202 1393 2265 templis,⁵
1423 2204 1610 2269 lugubri
1653 2210 1655 2217 ’

132 2387 144 2405 ¹
178 2389 410 2439 Insignibus.
485 2390 581 2428 Haec
620 2393 814 2442 praetoria-
881 2393 1102 2443 vz‘dzaafllia‚
1123 2395 1249 2432 coelebs
1279 2394 1388 2440 Otho,
1419 2409 1535 2445 gener
1554 2409 1610 2434 ·ac

77 2455 227 2485 norum,
256 2443 460 2493 legionum,
480 2444 727 2482 auxiliarium
758 2448 814 2484 in·
880 2460 985 2484 socer
1005 2447 1299 2494 destinabantur,
1322 2457 1365 2486 ut
1384 2450 1532 2487 dictum
1550 2462 1614 2487 su-

78 2496 199 2546 signia
226 2497 355 2533 videre
392 2504 459 2543 est,
491 2497 530 2533 in
565 2499 742 2544 nummis,
771 2500 810 2536 in
883 2512 951 2550 pra
970 2513 1055 2550 cap.
1083 2505 1142 2538 13.

78 2549 267 2587 veteribus
285 2551 554 2598 monumentis,
574 2564 620 2589 ac
643 2553 809 2590 maxime
937 2551 951 2574 ⁵
983 2553 1157 2591 Bas-ilicis
1176 2566 1219 2590 ac
1234 2554 1390 2603 templis.
1436 2554 1612 2593 Maxime

81 2603 118 2641 in
139 2603 322 2641 columna
339 2603 518 2652 Trajana.
884 2619 969 2656 quae
984 2614 1090 2643 erant
1121 2608 1159 2643 in
1196 2606 1276 2643 foro
1306 2608 1493 2655 Romano,
1522 2610 1612 2646 etei

23 2652 37 2661 ³
133 2654 152 2672 ²
180 2655 230 2693 In
251 2656 388 2693 Urbem
407 2670 520 2706 usque
539 2657 808 2695 resonantibus.
885 2659 1022 2697 vicina.
1080 2659 1262 2698 Basilicas
1297 2669 1425 2698 autem
1467 2662 1612 2711 vulgari

81 2710 217 2748 Castra
243 2709 343 2746 enim
380 2711 555 2760 praetoria
585 2718 678 2748 tunc
706 2717 812 2747 crant
883 2724 986 2750 nunc
1005 2725 1111 2749 sensu
1132 2726 1178 2750 110
1196 2713 1377 2762 accipias.
1421 2714 1612 2762 Basilicae‚

81 2771 191 2801 extra
211 2763 366 2810 Urbem,
385 2763 449 2800 ubi
481 2776 583 2800 nunc
616 2765 653 2801 la
688 2764 724 2802 V
722 2763 812 2814 igna
884 2765 983 2803 aedes
1009 2776 1115 2803 crant
1131 2766 1385 2817 amplissimae,
1404 2780 1450 2805 ac
1472 2770 1615 2818 magni-

81 2817 142 2855 del
158 2816 362 2854 Noviziato
376 2817 420 2853 cle
440 2817 560 2854 Padri
578 2817 741 2855 Ges-uiti.
884 2818 981 2864 ficae,
1014 2820 1060 2856 ad
1076 2820 1141 2868 jus
1161 2820 1365 2858 dicendum
1388 2822 1613 2872 negotiaque

131 2866 148 2889 ³
178 2868 335 2907 Rostra.
367 2870 410 2906 In
430 2870 516 2920 ipso
535 2869 614 2907 soro
624 2871 812 2907 Romano.
886 2873 1151 2921 pertractanda
1169 2873 1399 2911 constitutae.

130 2920 152 2944 ⁴
178 2921 373 2961 conscium
394 2922 563 2961 Othonis.
579 2922 679 2967 Quia
704 2922 814 2961 Vinio
