2210 3984
244 192 345 239 544·
759 191 969 285 NOTAE
1011 193 1098 240 ET
1135 193 1700 248 EMENDATIONES
1786 194 1791 198 ’

323 315 688 372 Cremonenses
712 320 962 391 captivos.
1038 318 1171 377 MS.
1197 323 1327 394 Agr.
1362 323 1745 381 Cremonensem
1769 347 1973 402 agrum.

319 410 595 466 Militibus
619 413 868 484 effecerat.
909 413 972 467 In
999 415 1131 472 MS.
1162 416 1327 472 Corb.
1353 420 1667 493 inritamque
1679 421 1917 494 praedam
1941 398 2198 495 mil-itibus

228 506 458 581 fecerat,
497 526 738 559 consensu
766 507 945 562 Italics
969 511 1240 564 emtionem
1265 513 1451 566 talium
1474 515 1849 586 mancipiorum
1873 528 2198 588 aspernante.

251 602 513 671 Corrupte
540 604 731 655 editio
726 604 982 673 princepS‚
1023 624 1291 658 consensu·
1347 617 1757 678 ”aspernante-s.
2175 660 2177 662 .

272 748 275 751 ⁴
329 696 516 750 Occidi
538 715 739 766 coepere.
780 696 927 750 Bene
956 698 1128 752 MSS.
1149 698 1292 751 Flor.
1315 699 1476 753 Corb.
1502 701 1660 755 editio
1682 702 1922 775 princeps
1944 713 1998 759 et
2020 684 2199 762 recen-

248 792 421 847 tiores,
461 791 634 844 MSS.
656 788 811 843 Harl.
841 791 998 843 Bodl.
1023 791 1059 846 J
1065 812 1134 844 es
1164 791 1347 846 Guelf.
1374 804 1426 847 et
1452 793 1788 862 PuteolanuS,
1827 797 1954 851 credi
1991 817 2197 871 crepere.

328 885 799 940 Redemtabantur.
873 885 957 938 Ita
982 885 1156 939 MSS.
1182 886 1325 939 Flor.
1353 887 1506 941 Harl.
1533 889 1691 942 Bodl.
1714 890 1752 946 J
1756 910 1828 944 eS.
1852 890 1985 962 Agr.
2010 891 2196 948 Guelf.

254 980 486 1035 Pichena
529 990 582 1033 et
623 978 948 1032 recentiores.
1023 979 1089 1032 In
1128 979 1257 1034 MS.
1302 980 1438 1052 Reg.
1478 991 1530 1036 et
1571 982 1881 1041 editionibus
1918 984 2196 1056 veteribuss,

251 1075 659 1129 redimebantur.
735 1074 996 1126 Mendose
1027 1073 1154 1128 MS.
1183 1074 1347 1128 Corb.
1382 1076 1866 1149 redeprecabantur.
2060 1127 2063 1130 ⁴

328 1167 700 1225 Munificentitz
725 1168 1060 1238 municipum.
1138 1168 1225 1221 Sic
1254 1168 1387 1224 MS.
1415 1170 1551 1241 Reg.
1577 1170 1733 1225 editio
1753 1171 2004 1244 princeps
2027 1185 2080 1229 et
2104 1172 2192 1230 Cl.

256 1263 580 1317 Lallemand.
655 1261 737 1314 Ita
762 1280 970 1332 quoque
999 1261 1128 1315 MS.
1155 1261 1284 1332 Agr.
1319 1263 1546 1317 secunda
1569 1284 1743 1319 manu.
1817 1265 1991 1322 MSS.
2033 1266 2189 1325 Harl.

253 1357 411 1412 Bodl.
436 1357 546 1411 JeS.
571 1367 623 1409 et
650 1354 984 1428 Puteolanus,
1022 1356 1423 1429 magnificentia.
2079 1332 2154 1414 ᾖ

325 1547 477 1600 CAP.
504 1551 591 1599 35.
633 1542 810 1597 Noxia
834 1543 974 1596 tabo.
1050 1543 1180 1598 MS.
1205 1543 1334 1614 Agr.
1358 1544 1496 1599 tabe.

325 1735 476 1789 CAP.
503 1736 590 1788 36.
630 1733 727 1786 Ad
765 1730 953 1785 bellum
986 1730 1282 1802 impulisset.
1359 1731 1554 1787 Mallet
1594 1733 1681 1788 CI.
1719 1733 1991 1801 ErnestuS,
2027 1751 2193 1807 πρυ..

246 1832 396 1886 lisset.
473 1829 549 1882 At
575 1829 816 1898 probum,
853 1825 1150 1916 impulisset.

321 1926 393 1979 In
417 1943 503 1977 ore
525 1921 688 1994 vulgi.
765 1920 909 1973 Bene
955 1919 1127 1973 MSS.
1173 1918 1315 1972 Flor.
1357 1919 1486 1990 Agr.
1517 1920 1727 1991 Lipsius
1770 1930 1823 1974 et
1851 1920 2183 1975 recentiores.

245 2020 311 2073 1η
354 2018 527 2072 MSS.
570 2017 707 2086 Reg.
753 2013 908 2068 Harl.
948 2012 1107 2067 Bodl.
1144 2013 1179 2068 J
1186 2033 1256 2066 es
1297 2023 1350 2067 et
1388 2014 1697 2069 editionibus
1733 2014 2006 2083 veteribus,
2041 2033 2182 2069 more

242 2114 406 2185 vulgi.

321 2207 579 2262 Perculit.
656 2204 787 2257 MS.
831 2203 966 2271 Reg.
1002 2202 1252 2273 percutit.
1326 2202 1588 2256 Tentabat
1629 2201 1715 2255 Cl.
1755 2201 2024 2284 EmestuS,
2055 2186 2180 2287 per-

246 2304 436 2367 cussit,·
475 2302 634 2372 quod,
672 2297 855 2369 inquit,
892 2295 1055 2348 nuntii
1081 2315 1185 2349 non
1209 2294 1511 2366 percellunt,
1549 2296 1640 2349 sed
1662 2295 1976 2366 percutiunt.
2026 2294 2181 2376 Atid

239 2398 390 2451 nimis
416 2395 692 2448 delicatum
718 2389 1023 2444 censuerim.

253 2617 255 2619 ·
314 2583 466 2637 CAP.
492 2589 580 2641 37.
622 2581 679 2634 Is
716 2580 869 2644 enim,
907 2579 964 2632 in
1006 2578 1171 2632 locum
1219 2577 1450 2644 Caec'inae,
1486 2584 1768 2648 supererat.
1822 2573 1973 2628 MS.
2015 2558 2176 2635 Bodl.

240 2680 299 2734 Is
323 2679 458 2732 enim
489 2676 702 2730 Caecinae
725 2682 1003 2746 supererat.
1077 2671 1329 2725 Additum
1363 2670 1417 2724 in
1456 2670 1699 2740 margine,
1735 2655 1998 2722 inlocum.
2037 2651 2175 2723 Haec

237 2784 411 2827 autem
454 2757 576 2824 l’oco
621 2789 716 2822 suo
754 2778 898 2820 mota
935 2765 1191 2820 existimat
1230 2765 1316 2818 Cl.
1345 2765 1624 2830 Ernestus;
1663 2762 1837 2834 sicque
1878 2760 2173 2833 refingenda

235 2878 416 2940 putat:
459 2865 511 2917 in
539 2864 704 2917 locum
734 2860 947 2936 Caecinae
996 2860 1063 2926 (is
1087 2858 1221 2913 enim
1244 2864 1530 2932 supererat)
1571 2855 1653 2910 vel
1688 2856 1732 2909 is
1754 2854 1888 2909 enim
1909 2860 2174 2926 supererat

230 2961 474 3015 inlocum
503 2957 736 3011 Ccecince.
1974 2936 1981 2940 ’
2148 2937 2152 2941 ’

311 3053 489 3106 Cum
469 3052 652 3105 inrisu.
728 3049 857 3102 MS.
885 3047 1045 3101 Corb
1073 3066 1186 3101 cum
1211 3046 1336 3099 risu.

308 3145 611 3200 Tribuentis
644 3139 1057 3215 accipientisque.
1133 3139 1215 3194 Ita
1253 3139 1427 3192 MSS.
1478 3137 1614 3208 Reg.
1660 3135 1824 3189 Corb.
1880 3143 2076 3192 veteres
2096 3141 2169 3210 et

228 3239 540 3294 recentiores
565 3238 832 3291 editiones,
909 3236 974 3289 In
1013 3234 1144 3288 MS.
1180 3233 1325 3288 Flor.
1365 3231 1715 3304 tradentisque
1751 3214 2170 3303 accipientisque.

227 3334 526 3399 RhenanuS,
562 3332 760 3384 inverso
785 3330 981 3395 ordine,
1018 3326 1315 3400 accipientis
1338 3325 1728 3397 tribuentisque.

299 3425 696 3480 Eblandiretur.
772 3424 861 3477 Sic
889 3424 1165 3476 Rhenanus
1189 3431 1243 3474 et
1264 3418 1590 3474 recentiores.
1663 3416 1727 3470 In
1753 3413 1926 3469 MSS.
1949 3423 2005 3468 et
2026 3421 2167 3466 vete-

224 3520 367 3574 ribus
406 3518 733 3583 editionibuS,
772 3515 1118 3570 blandiretur.
1162 3514 1269 3566 At
1293 3512 1459 3585 prima
1480 3512 1636 3583 hujus
1659 3506 1802 3564 verbi
1826 3507 1972 3563 litera
2000 3503 2163 3581 facil?

225 3612 435 3678 excidit,
472 3613 591 3664 cum
619 3609 856 3680 superior
879 3629 981 3662 vox
1005 3608 1058 3661 in
1083 3608 1315 3661 eamdem
1342 3604 1610 3658 desineret.
2008 3628 2015 3631 -
2051 3611 2073 3623 “
