2210 3978
403 147 502 194 AD
539 146 664 195 LIB.
699 147 765 195 V.
802 146 971 195 IIIST.
1006 147 1067 197 C.
1100 148 1310 199 CORN.
1344 147 1593 200 TACITI.
1875 149 1977 208 687

52 271 172 326 inde
194 272 434 324 arbores„
492 275 743 328 Secundae
781 274 937 344 partis
976 278 1118 329 frons
1158 295 1394 346 magnam
1434 285 1636 346 portam
1661 294 1781 328 cum
1816 276 1978 346 portis

53 362 363 430 lateralibus,
387 365 608 436 aliasque
633 368 758 419 duas
783 367 1005 421 minores
1040 370 1213 421 habet.
1289 368 1352 421 In
1386 369 1535 440 hujus
1560 370 1791 421 sec-undae
1820 368 1979 437 partis

53 455 319 520 lateribu3‚
358 457 789 527 Septenitrionem
834 471 885 512 et
928 460 1208 513 Meridiern
1244 462 1436 525 versus,
1473 470 1590 513 sunt
1633 460 1744 512 duae
1792 461 1978 513 domus

53 550 274 602 duorum
313 553 586 603 custodum
627 550 904 622 Li-pai-se.
981 553 1063 605 Ex
1100 553 1199 605 hac
1239 553 1463 605 secunda
1502 564 1645 622 parte
1682 552 1732 604 in
1771 554 1975 606 tertiam

53 641 290 696 euntibus
328 645 626 696 observatur
666 643 889 709 Ul-meu,
929 664 1017 697 seu
1058 646 1278 697 secunda
1322 657 1489 714 porta,
1526 665 1645 697 cum
1681 644 1974 697 lateralibus

51 732 265 804 aliisque
289 736 486 788 duabus
514 735 812 790 minoribus.
888 736 952 788 In
976 737 1075 789 hirc
1096 738 1245 790 tertia
1272 754 1413 807 parte
1437 748 1535 790 stat
1553 738 1681 790 alter
1709 737 1971 804 Pati-leon,

49 846 140 879 seu
188 846 335 879 arcus
386 827 730 898 triumphalis:
769 829 887 882 hinc
927 840 979 882 et
1019 829 1135 881 inde
1159 829 1291 882 inter
1332 832 1573 882 arborum
1613 830 1812 883 ordines
1858 831 1971 882 duae

0 968 7 974 .
49 918 237 972 tubulae
274 938 590 986 marmoreae,
629 920 784 973 literis
812 921 1109 974 Sinensibus
1140 921 1413 991 inscriptae.
1491 922 1578 974 De
1602 924 1679 975 his
1717 920 1972 990 inscripti-

49 1012 236 1064 onibus
260 1012 389 1065 infra
412 1012 608 1066 dicetur
626 1014 964 1066 commodius.
1040 1014 1188 1067 Ultra
1212 1015 1301 1068 has
1323 1015 1520 1067 tabulas
1543 1018 1592 1067 in
1618 1015 1774 1067 latere
1802 1015 1970 1068 Meri-

48 1104 238 1157 dionali
279 1117 356 1158 est
404 1105 713 1178 Tse-thang,¹
765 1126 855 1159 seu
898 1105 1028 1158 cella
1077 1107 1373 1159 BIandarini
1419 1107 1593 1160 Judaei
1641 1108 1826 1171 Telcao,
1876 1107 1966 1177 qui

46 1194 310 1250 incensum
339 1197 595 1270 Li-pai-se
635 1198 880 1251 restituit:
924 1199 1352 1268 Septemtrionale
1389 1200 1521 1252 latus
1558 1201 1712 1273 habet
1746 1199 1966 1252 alterum

54 1289 356 1364 Tse-thang,
402 1311 491 1343 seu
539 1291 748 1343 alteram
793 1290 975 1344 cellam
1019 1291 1237 1361 positam
1287 1292 1320 1345 J
1331 1291 1520 1356 udoe0,²
1559 1293 1647 1362 qui
1689 1291 1966 1362 Li-pai-se,

49 1384 189 1454 quod
221 1401 354 1435 nunc
378 1393 535 1448 extat,
561 1382 825 1436 exstruxit.
902 1382 1070 1435 Paulo
1092 1403 1245 1452 supra
1280 1384 1371 1436 has
1407 1384 1579 1449 cellas,
1618 1394 1733 1436 sunt
1767 1383 1890 1436 hinc'
1910 1394 1964 1436 et

45 1474 164 1527 inde
188 1474 329 1528 cellae
354 1476 617 1545 hospitum
642 1486 693 1527 et
717 1486 1078 1528 conventuum.
1115 1476 1202 1528 Ad
1222 1487 1453 1546 quartam
1482 1476 1740 1548 Li-pai-s'e
1764 1489 1964 1546 partem

47 1567 359 1632 devenimus,
389 1588 503 1638 quae
528 1567 578 1619 in
602 1568 726 1620 duas
757 1567 910 1621 veluti
936 1579 1104 1637 partes
1134 1568 1386 1627 dividitur.
1462 1569 1592 1621 Pars
1632 1568 1770 1638 prior
1810 1555 1965 1621 habet

43 1660 257 1730 longum
281 1662 512 1713 ordinem
547 1663 804 1726 arborum,
838 1660 891 1712 in
915 1662 1059 1731 cujus
1084 1661 1255 1713 medio
1292 1673 1369 1713 est
1394 1661 1711 1733 Hiang-lou,
1752 1681 1842 1713 seu
1879 1679 1967 1712 vas

44 1753 223 1823 ingens
247 1773 435 1806 aereum
459 1755 522 1806 ad
547 1754 889 1806 incendendos
914 1755 1115 1807 odores·
1194 1753 1370 1823 Prope
1390 1754 1518 1806 vasis
1544 1754 1697 1806 latera
1718 1765 1834 1806 sunt
1857 1754 1964 1806 duo

42 1845 216 1900 leones
234 1846 523 1911 marmorei,
548 1846 752 1899 basibus
776 1846 1021 1917 impositi.
1069 1847 1236 1916 Supra
1253 1848 1382 1899 duos
1406 1846 1596 1912 leones,
1624 1835 1964 1900 Occidentem

43 1939 233 2004 versus,
258 1938 464 1991 basibus
491 1958 697 2009 quoque
715 1938 951 2008 imposita
975 1959 1158 2007 magna
1180 1940 1282 1991 duo
1299 1958 1417 1990 vasa
1440 1958 1582 2004 aerea,
1603 1939 1787 2009 quibus
1813 1932 1963 1991 flores

43 2031 383 2084 continentur.
458 2033 519 2084 In
544 2031 959 2101 Septemtrionali
986 2032 1141 2083 latere
1165 2041 1242 2083 est
1267 2031 1436 2083 culina
1464 2031 1513 2083 T
1511 2030 1754 2098 ἱαο-Κὶη,
1786 2031 1837 2083 id
1868 2041 1963 2096 est,

43 2123 96 2176 in
120 2125 225 2195 quii
250 2124 532 2178 evelluntur
574 2123 730 2189 nervi,
769 2124 890 2175 cum
929 2143 1105 2176 carnes
1139 2134 1462 2192 apparantur.
1539 2122 1668 2175 Pars
1708 2126 1964 2193 posterior

43 2214 198 2271 habet
220 2217 273 2269 in
295 2216 556 2281 lateribuS,
584 2215 1018 2285 Septemtrionem
1043 2225 1094 2267 et
1123 2214 1396 2266 Meridiem
1424 2216 1611 2278 versus,
1642 2208 1690 2267 T
1684 2216 1962 2290 satharngs,

42 2329 134 2364 seu
171 2308 326 2362 cellas
364 2309 652 2378 Majorum.
726 2308 850 2366 Quo
887 2307 987 2360 ritu
1033 2306 1315 2372 Abraham,
1366 2306 1529 2372 lsaaC,
1567 2308 1757 2373 Jacob,
1806 2311 1963 2363 duces

43 2401 316 2454 duodecim
342 2400 589 2464 tribuum,
616 2398 858 2467 Ronsen,
884 2400 1080 2465 Aaron,
1116 2399 1152 2453 J
1157 2419 1300 2463 osue,
1337 2399 1572 2464 Esdram,
1596 2399 1824 2471 aliosque
1848 2402 1964 2472 plu-

41 2494 200 2548 rimos
223 2492 386 2564 gentis
410 2512 513 2545 suoe
539 2493 669 2543 viros
696 2491 1029 2561 foeminasque
1046 2490 1512 2560 illustresjsingulis
1540 2491 1680 2543 annis
1713 2502 1963 2546 autumno

41 2597 95 2652 et
153 2605 270 2639 vere
331 2584 518 2649 colant,
578 2582 846 2653 descripsit
912 2583 978 2636 P.
1030 2581 1249 2648 Gozani,
1314 2589 1352 2613 “
1389 2581 1593 2635 Lettres
1643 2583 1962 2650 edifiautes,''

43 2678 165 2732 Vol.
201 2697 310 2731 vu.
358 2698 411 2749 p.
450 2685 514 2730 10
560 2687 612 2729 et
667 2685 747 2735 19.
823 2673 885 2727 In
923 2675 1094 2727 medio
1143 2675 1370 2744 adsurgit
1419 2675 1690 2745 templum,
1739 2677 1957 2746 superne

43 2770 363 2844 quadruplici
408 2768 610 2838 fastigio
662 2767 874 2837 insigne,
923 2766 1114 2819 inferne
1169 2766 1416 2819 clathrato
1476 2778 1642 2837 septo,
1709 2768 1954 2822 cinctum.
1975 2743 1985 2759 i

1224 2964 1245 2986 0

98 3023 113 3046 ¹
143 3015 259 3060 Ante
296 3018 526 3069 Tse-tlmng,
556 3027 630 3055 seu
660 3013 810 3054 cellam
838 3012 961 3064 hujus
994 3011 1254 3063 Mandat-ini,
1282 3017 1350 3052 est
1383 3012 1538 3053 animal
1567 3013 1657 3054 basi
1691 3013 1956 3068 impositum.

41 3102 268 3146 Quodnam
286 3101 344 3141 sit
356 3098 463 3139 illud
480 3096 631 3138 animal
649 3093 805 3134 frustra
818 3092 1095 3144 divinar-etur,
1112 3092 1209 3132 cuni
1228 3105 1308 3132 nec
1329 3093 1416 3146 ejus
1430 3092 1607 3134 formam
1625 3094 1726 3134 satis
1745 3097 1956 3149 expressit

38 3186 93 3227 P.
109 3184 336 3234 Domenge
348 3181 392 3220 in
409 3179 486 3220 sua
503 3177 703 3230 Li-pai-se
722 3175 1035 3228 ichnographia,
1051 3187 1131 3215 nec
1149 3175 1237 3226 ejus
1256 3186 1407 3214 nomen
1426 3174 1632 3226 prodidit.

93 3263 117 3287 ²
141 3264 319 3306 Judaeus
344 3262 415 3302 iue
442 3259 526 3302 fuit
554 3258 850 3310 Mandarinus,
877 3270 951 3297 seu
991 3256 1178 3297 civilium
1206 3255 1536 3309 capitaliumque
1564 3268 1703 3296 rerum
1736 3257 1874 3309 judex
1910 3258 1954 3300 in

35 3328 217 3397 Telum,
227 3343 273 3384 id
289 3349 371 3396 est,
385 3343 430 3383 in
447 3341 553 3381 urbe
566 3338 741 3380 secundi
756 3338 929 3379 ordinis.
959 3338 1031 3378 Ob
1047 3337 1291 3378 restitutum
1314 3337 1525 3388 Li-pai-se,
1548 3337 1767 3388 Tse-tkang
1785 3338 1825 3377 ei
1844 3338 1954 3391 posi..

36 3432 134 3470 ,tum
148 3430 229 3477 est,
246 3424 290 3465 id
309 3429 388 3476 est,
406 3422 529 3473 cella,
544 3420 706 3471 aulave,
724 3417 768 3457 in
789 3416 872 3470 qua
891 3422 958 3458 est
976 3417 1135 3459 tabella
1155 3416 1361 3470 defuncti,
1388 3422 1434 3458 et
1449 3416 1617 3458 statutis
1634 3416 1732 3458 anni
1752 3418 1952 3472 tempori-

38 3507 116 3550 bus
130 3506 220 3559 ejus
236 3504 438 3546 memoria
452 3514 569 3544 more
590 3499 732 3542 Siuico
751 3498 965 3541 recolitur.
