<?xml version="1.0" encoding="UTF-8"?>
<!DOCTYPE html PUBLIC "-//W3C//DTD XHTML 1.0 Transitional//EN"
    "http://www.w3.org/TR/xhtml1/DTD/xhtml1-transitional.dtd">
<html xmlns="http://www.w3.org/1999/xhtml" xml:lang="en" lang="en">
 <head>
  <title>
</title>
<meta http-equiv="Content-Type" content="text/html;charset=utf-8" />
  <meta name='ocr-system' content='tesseract 3.04.00' />
  <meta name='ocr-capabilities' content='ocr_page ocr_carea ocr_par ocr_line ocrx_word'/>
</head>
<body>
  <div class='ocr_page' id='page_1' title='image "./operarecognovite03taciuoft/operarecognovite03taciuoft_0445.png"; bbox 0 0 2242 3996; ppageno 0'>
   <div class='ocr_carea' id='block_1_1' title="bbox 438 139 1993 206">
    <p class='ocr_par' dir='ltr' id='par_1_1' title="bbox 438 139 1993 206">
     <span class='ocr_line' id='line_1_1' title="bbox 438 139 1993 206; baseline 0.003 -8"><span class='ocrx_word' id='word_1_1' title='bbox 438 146 542 198; x_wconf 79' lang='lat' dir='ltr'>AD</span> <span class='ocrx_word' id='word_1_2' title='bbox 572 143 706 194; x_wconf 74' lang='grc' dir='ltr'>ΠΒ.</span> <span class='ocrx_word' id='word_1_3' title='bbox 736 139 781 194; x_wconf 89' lang='lat' dir='ltr'>I.</span> <span class='ocrx_word' id='word_1_4' title='bbox 817 143 991 195; x_wconf 86' lang='lat' dir='ltr'>HIST.</span> <span class='ocrx_word' id='word_1_5' title='bbox 1025 143 1086 193; x_wconf 89' lang='lat' dir='ltr'>C.</span> <span class='ocrx_word' id='word_1_6' title='bbox 1121 141 1332 194; x_wconf 85' lang='lat' dir='ltr'>CORN.</span> <span class='ocrx_word' id='word_1_7' title='bbox 1362 143 1616 197; x_wconf 84' lang='lat' dir='ltr'>TACITI.</span> <span class='ocrx_word' id='word_1_8' title='bbox 1887 153 1993 206; x_wconf 66' lang='lat'>⁸5»</span> 
     </span>
    </p>
   </div>
   <div class='ocr_carea' id='block_1_2' title="bbox 44 270 1991 1103">
    <p class='ocr_par' dir='ltr' id='par_1_2' title="bbox 49 270 1991 608">
     <span class='ocr_line' id='line_1_2' title="bbox 129 270 1991 335; baseline 0.002 -8"><span class='ocrx_word' id='word_1_9' title='bbox 129 270 206 328; x_wconf 85' lang='lat' dir='ltr'>In</span> <span class='ocrx_word' id='word_1_10' title='bbox 217 281 395 329; x_wconf 76' lang='lat' dir='ltr'>&#39;cetera</span> <span class='ocrx_word' id='word_1_11' title='bbox 418 272 663 327; x_wconf 82' lang='lat' dir='ltr'>victoriae.</span> <span class='ocrx_word' id='word_1_12' title='bbox 737 271 885 326; x_wconf 76' lang='lat' dir='ltr'>Bene</span> <span class='ocrx_word' id='word_1_13' title='bbox 924 270 1097 326; x_wconf 76' lang='lat' dir='ltr'>MSS.</span> <span class='ocrx_word' id='word_1_14' title='bbox 1124 271 1280 325; x_wconf 84' lang='lat' dir='ltr'>Bodl.</span> <span class='ocrx_word' id='word_1_15' title='bbox 1305 272 1343 328; x_wconf 88' lang='lat' dir='ltr'><strong>J</strong></span> <span class='ocrx_word' id='word_1_16' title='bbox 1346 292 1418 327; x_wconf 90' lang='lat' dir='ltr'>es.</span> <span class='ocrx_word' id='word_1_17' title='bbox 1444 273 1629 328; x_wconf 87' lang='lat' dir='ltr'>Guelf.</span> <span class='ocrx_word' id='word_1_18' title='bbox 1654 281 1709 327; x_wconf 88' lang='lat' dir='ltr'>et</span> <span class='ocrx_word' id='word_1_19' title='bbox 1737 271 1991 335; x_wconf 79' lang='lat' dir='ltr'><strong>editiones</strong></span> 
     </span>
     <span class='ocr_line' id='line_1_3' title="bbox 57 364 1986 437; baseline 0.001 -16"><span class='ocrx_word' id='word_1_20' title='bbox 57 378 267 422; x_wconf 77' lang='lat' dir='ltr'>veteres.</span> <span class='ocrx_word' id='word_1_21' title='bbox 345 366 467 419; x_wconf 90' lang='lat' dir='ltr'>Sine</span> <span class='ocrx_word' id='word_1_22' title='bbox 487 365 789 419; x_wconf 83' lang='lat' dir='ltr'>auctoritate</span> <span class='ocrx_word' id='word_1_23' title='bbox 829 384 889 418; x_wconf 87' lang='lat' dir='ltr'>ac</span> <span class='ocrx_word' id='word_1_24' title='bbox 929 364 1230 419; x_wconf 79' lang='lat' dir='ltr'>necessitate</span> <span class='ocrx_word' id='word_1_25' title='bbox 1254 367 1542 420; x_wconf 86' lang='lat' dir='ltr'>emendavit</span> <span class='ocrx_word' id='word_1_26' title='bbox 1584 366 1986 437; x_wconf 82' lang='lat' dir='ltr'>Freinshemius,</span> 
     </span>
     <span class='ocr_line' id='line_1_4' title="bbox 52 451 1986 534; baseline 0.001 -19"><span class='ocrx_word' id='word_1_27' title='bbox 52 470 244 515; x_wconf 66' lang='lat' dir='ltr'>ceterae.</span> <span class='ocrx_word' id='word_1_28' title='bbox 305 459 371 513; x_wconf 91' lang='lat' dir='ltr'>In</span> <span class='ocrx_word' id='word_1_29' title='bbox 410 460 540 513; x_wconf 90' lang='lat' dir='ltr'>MS.</span> <span class='ocrx_word' id='word_1_30' title='bbox 567 458 730 513; x_wconf 89' lang='lat' dir='ltr'>Corb.</span> <span class='ocrx_word' id='word_1_31' title='bbox 768 451 826 511; x_wconf 88' lang='lat' dir='ltr'>in</span> <span class='ocrx_word' id='word_1_32' title='bbox 864 466 1021 511; x_wconf 83' lang='lat' dir='ltr'>certa.</span> <span class='ocrx_word' id='word_1_33' title='bbox 1084 457 1215 512; x_wconf 88' lang='lat' dir='ltr'>MS.</span> <span class='ocrx_word' id='word_1_34' title='bbox 1253 459 1384 533; x_wconf 87' lang='lat' dir='ltr'>Agr.</span> <span class='ocrx_word' id='word_1_35' title='bbox 1427 471 1481 514; x_wconf 91' lang='lat' dir='ltr'>et</span> <span class='ocrx_word' id='word_1_36' title='bbox 1526 459 1684 515; x_wconf 80' lang='lat' dir='ltr'>editio</span> <span class='ocrx_word' id='word_1_37' title='bbox 1724 460 1986 534; x_wconf 76' lang='lat' dir='ltr'>princePS,</span> 
     </span>
     <span class='ocr_line' id='line_1_5' title="bbox 49 555 267 608; baseline -0.009 0"><span class='ocrx_word' id='word_1_38' title='bbox 49 555 267 608; x_wconf 76' lang='lat' dir='ltr'>incerta.</span> 
     </span>
    </p>

    <p class='ocr_par' dir='ltr' id='par_1_3' title="bbox 128 658 1252 725">
     <span class='ocr_line' id='line_1_6' title="bbox 128 658 1252 725; baseline -0.003 -11"><span class='ocrx_word' id='word_1_39' title='bbox 128 659 382 714; x_wconf 79' lang='lat' dir='ltr'>CessurOS.</span> <span class='ocrx_word' id='word_1_40' title='bbox 460 658 612 712; x_wconf 74' lang='lat' dir='ltr'>Malev</span> <span class='ocrx_word' id='word_1_41' title='bbox 637 659 930 725; x_wconf 82' lang='lat' dir='ltr'>RhenanuS,</span> <span class='ocrx_word' id='word_1_42' title='bbox 946 676 1252 712; x_wconf 84' lang='lat' dir='ltr'>accessuros.</span> 
     </span>
    </p>

    <p class='ocr_par' dir='ltr' id='par_1_4' title="bbox 44 760 1980 1103">
     <span class='ocr_line' id='line_1_7' title="bbox 124 760 1980 844; baseline 0.002 -22"><span class='ocrx_word' id='word_1_43' title='bbox 124 767 382 822; x_wconf 84' lang='lat' dir='ltr'>Hibernis</span> <span class='ocrx_word' id='word_1_44' title='bbox 415 767 583 821; x_wconf 78' lang='lat' dir='ltr'>adhuc</span> <span class='ocrx_word' id='word_1_45' title='bbox 625 766 868 844; x_wconf 77' lang='lat' dir='ltr'>Alpibus.</span> <span class='ocrx_word' id='word_1_46' title='bbox 942 765 1025 820; x_wconf 90' lang='lat' dir='ltr'>Ita</span> <span class='ocrx_word' id='word_1_47' title='bbox 1066 766 1241 820; x_wconf 88' lang='lat' dir='ltr'>MSS.</span> <span class='ocrx_word' id='word_1_48' title='bbox 1267 766 1408 820; x_wconf 90' lang='lat' dir='ltr'>Flor.</span> <span class='ocrx_word' id='word_1_49' title='bbox 1436 767 1572 839; x_wconf 82' lang='lat' dir='ltr'>Reg.</span> <span class='ocrx_word' id='word_1_50' title='bbox 1599 769 1761 823; x_wconf 89' lang='lat' dir='ltr'>Corb.</span> <span class='ocrx_word' id='word_1_51' title='bbox 1796 760 1980 825; x_wconf 79' lang='lat' dir='ltr'>Guelf.</span> 
     </span>
     <span class='ocr_line' id='line_1_8' title="bbox 51 858 1980 934; baseline 0 -18"><span class='ocrx_word' id='word_1_52' title='bbox 51 862 209 916; x_wconf 85' lang='lat' dir='ltr'>editio</span> <span class='ocrx_word' id='word_1_53' title='bbox 247 862 486 934; x_wconf 88' lang='lat' dir='ltr'>princeps</span> <span class='ocrx_word' id='word_1_54' title='bbox 534 870 586 914; x_wconf 91' lang='lat' dir='ltr'>et</span> <span class='ocrx_word' id='word_1_55' title='bbox 628 860 951 914; x_wconf 88' lang='lat' dir='ltr'>recentiores.</span> <span class='ocrx_word' id='word_1_56' title='bbox 1030 858 1096 912; x_wconf 95' lang='lat' dir='ltr'>In</span> <span class='ocrx_word' id='word_1_57' title='bbox 1144 861 1317 914; x_wconf 87' lang='lat' dir='ltr'>MSS.</span> <span class='ocrx_word' id='word_1_58' title='bbox 1356 859 1510 915; x_wconf 88' lang='lat' dir='ltr'>Harl.</span> <span class='ocrx_word' id='word_1_59' title='bbox 1563 862 1719 915; x_wconf 89' lang='lat' dir='ltr'>Bodl.</span> <span class='ocrx_word' id='word_1_60' title='bbox 1766 862 1880 917; x_wconf 77' lang='lat' dir='ltr'>JeS.</span> <span class='ocrx_word' id='word_1_61' title='bbox 1923 873 1980 921; x_wconf 88' lang='lat' dir='ltr'>et</span> 
     </span>
     <span class='ocr_line' id='line_1_9' title="bbox 50 939 1978 1024; baseline -0.002 -14"><span class='ocrx_word' id='word_1_62' title='bbox 50 939 385 1024; x_wconf 77' lang='lat' dir='ltr'>PuteolanuS‚</span> <span class='ocrx_word' id='word_1_63' title='bbox 423 952 652 1008; x_wconf 75' lang='lat' dir='ltr'>hibernis</span> <span class='ocrx_word' id='word_1_64' title='bbox 675 953 844 1021; x_wconf 77' lang='lat' dir='ltr'>adhuc</span> <span class='ocrx_word' id='word_1_65' title='bbox 869 953 1094 1009; x_wconf 60' lang='lat' dir='ltr'>nivibus</span> <span class='ocrx_word' id='word_1_66' title='bbox 1157 953 1297 1009; x_wconf 84' lang='lat' dir='ltr'>Mox</span> <span class='ocrx_word' id='word_1_67' title='bbox 1339 954 1393 1008; x_wconf 89' lang='lat' dir='ltr'>in</span> <span class='ocrx_word' id='word_1_68' title='bbox 1435 955 1564 1009; x_wconf 91' lang='lat' dir='ltr'>MS.</span> <span class='ocrx_word' id='word_1_69' title='bbox 1604 954 1766 1011; x_wconf 90' lang='lat' dir='ltr'>Corb.</span> <span class='ocrx_word' id='word_1_70' title='bbox 1807 966 1978 1012; x_wconf 59' lang='lat' dir='ltr'>trans-⁸</span> 
     </span>
     <span class='ocr_line' id='line_1_10' title="bbox 44 1047 215 1103; baseline 0.006 -1"><span class='ocrx_word' id='word_1_71' title='bbox 44 1047 215 1103; x_wconf 70' lang='lat' dir='ltr'>duxit.</span> 
     </span>
    </p>
   </div>
   <div class='ocr_carea' id='block_1_3' title="bbox 0 1261 2003 3393">
    <p class='ocr_par' dir='ltr' id='par_1_5' title="bbox 40 1261 1977 1902">
     <span class='ocr_line' id='line_1_11' title="bbox 120 1261 1977 1345; baseline 0.002 -28"><span class='ocrx_word' id='word_1_72' title='bbox 120 1262 274 1317; x_wconf 82' lang='lat' dir='ltr'>CAP.</span> <span class='ocrx_word' id='word_1_73' title='bbox 302 1270 388 1323; x_wconf 90' lang='grc'>71.</span> <span class='ocrx_word' id='word_1_74' title='bbox 452 1261 538 1318; x_wconf 92' lang='lat' dir='ltr'>Ne</span> <span class='ocrx_word' id='word_1_75' title='bbox 583 1263 742 1318; x_wconf 71' lang='lat' dir='ltr'>hostis</span> <span class='ocrx_word' id='word_1_76' title='bbox 791 1273 982 1345; x_wconf 67' lang='lat' dir='ltr'>metunt</span> <span class='ocrx_word' id='word_1_77' title='bbox 1031 1262 1465 1318; x_wconf 80' lang='lat' dir='ltr'>reconciliationis</span> <span class='ocrx_word' id='word_1_78' title='bbox 1518 1262 1802 1333; x_wconf 80' lang='lat' dir='ltr'>adhiberet.</span> <span class='ocrx_word' id='word_1_79' title='bbox 1891 1261 1977 1321; x_wconf 69' lang='lat' dir='ltr'>Ita</span> 
     </span>
     <span class='ocr_line' id='line_1_12' title="bbox 45 1356 1974 1430; baseline 0.001 -18"><span class='ocrx_word' id='word_1_80' title='bbox 45 1357 384 1424; x_wconf 86' lang='lat' dir='ltr'>Puteolanus,</span> <span class='ocrx_word' id='word_1_81' title='bbox 407 1368 460 1411; x_wconf 91' lang='lat' dir='ltr'>et</span> <span class='ocrx_word' id='word_1_82' title='bbox 480 1357 601 1411; x_wconf 88' lang='lat' dir='ltr'>libri</span> <span class='ocrx_word' id='word_1_83' title='bbox 626 1359 786 1412; x_wconf 72' lang='lat' dir='ltr'>ferme</span> <span class='ocrx_word' id='word_1_84' title='bbox 812 1378 991 1412; x_wconf 86' lang='lat' dir='ltr'>omnes</span> <span class='ocrx_word' id='word_1_85' title='bbox 1015 1356 1198 1430; x_wconf 65' lang='lat' dir='ltr'>postea</span> <span class='ocrx_word' id='word_1_86' title='bbox 1218 1358 1354 1412; x_wconf 88' lang='lat' dir='ltr'>editi.</span> <span class='ocrx_word' id='word_1_87' title='bbox 1418 1359 1773 1430; x_wconf 88' lang='lat' dir='ltr'>Suffragantur</span> <span class='ocrx_word' id='word_1_88' title='bbox 1800 1358 1974 1415; x_wconf 86' lang='lat' dir='ltr'>MSS.</span> 
     </span>
     <span class='ocr_line' id='line_1_13' title="bbox 45 1451 1975 1525; baseline 0.001 -18"><span class='ocrx_word' id='word_1_89' title='bbox 45 1451 204 1507; x_wconf 84' lang='lat' dir='ltr'>Harl.</span> <span class='ocrx_word' id='word_1_90' title='bbox 230 1451 386 1506; x_wconf 90' lang='lat' dir='ltr'>Bodl.</span> <span class='ocrx_word' id='word_1_91' title='bbox 419 1452 531 1507; x_wconf 79' lang='lat' dir='ltr'>JeS.</span> <span class='ocrx_word' id='word_1_92' title='bbox 573 1451 670 1505; x_wconf 90' lang='lat' dir='ltr'>nisi</span> <span class='ocrx_word' id='word_1_93' title='bbox 712 1452 853 1523; x_wconf 72' lang='lat' dir='ltr'>quod</span> <span class='ocrx_word' id='word_1_94' title='bbox 893 1453 946 1506; x_wconf 93' lang='lat' dir='ltr'>in</span> <span class='ocrx_word' id='word_1_95' title='bbox 989 1451 1118 1506; x_wconf 89' lang='lat' dir='ltr'>MS.</span> <span class='ocrx_word' id='word_1_96' title='bbox 1146 1451 1300 1505; x_wconf 84' lang='lat' dir='ltr'>Harl.</span> <span class='ocrx_word' id='word_1_97' title='bbox 1326 1452 1475 1525; x_wconf 80' lang='lat' dir='ltr'>quasi</span> <span class='ocrx_word' id='word_1_98' title='bbox 1518 1452 1975 1510; x_wconf 78' lang='lat' dir='ltr'>reconciliationis.</span> 
     </span>
     <span class='ocr_line' id='line_1_14' title="bbox 45 1540 1975 1617; baseline 0 -16"><span class='ocrx_word' id='word_1_99' title='bbox 45 1543 278 1615; x_wconf 84' lang='lat' dir='ltr'>Ryckius</span> <span class='ocrx_word' id='word_1_100' title='bbox 301 1546 331 1600; x_wconf 79' lang='grc' dir='ltr'>ὲ</span> <span class='ocrx_word' id='word_1_101' title='bbox 356 1546 487 1599; x_wconf 91' lang='lat' dir='ltr'>MS.</span> <span class='ocrx_word' id='word_1_102' title='bbox 512 1540 644 1617; x_wconf 85' lang='lat' dir='ltr'>Agr.</span> <span class='ocrx_word' id='word_1_103' title='bbox 669 1545 845 1612; x_wconf 87' lang='lat' dir='ltr'>edidit,</span> <span class='ocrx_word' id='word_1_104' title='bbox 884 1545 970 1599; x_wconf 85' lang='lat' dir='ltr'>sed</span> <span class='ocrx_word' id='word_1_105' title='bbox 1004 1565 1068 1615; x_wconf 88' lang='lat' dir='ltr'>ne</span> <span class='ocrx_word' id='word_1_106' title='bbox 1104 1545 1264 1599; x_wconf 76' lang='lat' dir='ltr'>hostes</span> <span class='ocrx_word' id='word_1_107' title='bbox 1299 1556 1557 1613; x_wconf 81' lang='lat' dir='ltr'>metueret,</span> <span class='ocrx_word' id='word_1_108' title='bbox 1593 1547 1975 1602; x_wconf 86' lang='lat' dir='ltr'>conciliationes</span> 
     </span>
     <span class='ocr_line' id='line_1_15' title="bbox 45 1638 1974 1719; baseline 0 -25"><span class='ocrx_word' id='word_1_109' title='bbox 45 1640 313 1704; x_wconf 75' lang='lat' dir='ltr'>adhibens.</span> <span class='ocrx_word' id='word_1_110' title='bbox 342 1638 513 1693; x_wconf 92' lang='lat' dir='ltr'>MSS.</span> <span class='ocrx_word' id='word_1_111' title='bbox 534 1639 674 1693; x_wconf 90' lang='lat' dir='ltr'>Flor.</span> <span class='ocrx_word' id='word_1_112' title='bbox 700 1651 752 1693; x_wconf 90' lang='lat' dir='ltr'>et</span> <span class='ocrx_word' id='word_1_113' title='bbox 778 1638 938 1692; x_wconf 88' lang='lat' dir='ltr'>Corb.</span> <span class='ocrx_word' id='word_1_114' title='bbox 1004 1638 1111 1692; x_wconf 85' lang='lat' dir='ltr'>Sed</span> <span class='ocrx_word' id='word_1_115' title='bbox 1134 1659 1195 1693; x_wconf 90' lang='lat' dir='ltr'>ne</span> <span class='ocrx_word' id='word_1_116' title='bbox 1233 1639 1395 1693; x_wconf 74' lang='lat' dir='ltr'>hostes</span> <span class='ocrx_word' id='word_1_117' title='bbox 1432 1650 1691 1719; x_wconf 81' lang='lat' dir='ltr'>metueret,</span> <span class='ocrx_word' id='word_1_118' title='bbox 1727 1640 1974 1694; x_wconf 83' lang='lat' dir='ltr'>concilia-</span> 
     </span>
     <span class='ocr_line' id='line_1_16' title="bbox 41 1719 1974 1804; baseline 0.001 -17"><span class='ocrx_word' id='word_1_119' title='bbox 41 1728 200 1789; x_wconf 82' lang='lat' dir='ltr'>tionis</span> <span class='ocrx_word' id='word_1_120' title='bbox 216 1733 486 1787; x_wconf 75' lang='lat' dir='ltr'>adhibens.</span> <span class='ocrx_word' id='word_1_121' title='bbox 523 1732 653 1786; x_wconf 92' lang='lat' dir='ltr'>MS.</span> <span class='ocrx_word' id='word_1_122' title='bbox 679 1733 814 1803; x_wconf 89' lang='lat' dir='ltr'>Reg.</span> <span class='ocrx_word' id='word_1_123' title='bbox 842 1742 894 1785; x_wconf 89' lang='lat' dir='ltr'>et</span> <span class='ocrx_word' id='word_1_124' title='bbox 917 1733 1073 1786; x_wconf 91' lang='lat' dir='ltr'>editio</span> <span class='ocrx_word' id='word_1_125' title='bbox 1099 1731 1357 1804; x_wconf 81' lang='lat' dir='ltr'>princepS,</span> <span class='ocrx_word' id='word_1_126' title='bbox 1379 1734 1468 1786; x_wconf 84' lang='lat' dir='ltr'>sed</span> <span class='ocrx_word' id='word_1_127' title='bbox 1487 1719 1552 1787; x_wconf 83' lang='lat' dir='ltr'>ne</span> <span class='ocrx_word' id='word_1_128' title='bbox 1572 1733 1733 1788; x_wconf 79' lang='lat' dir='ltr'>hostes</span> <span class='ocrx_word' id='word_1_129' title='bbox 1750 1743 1974 1789; x_wconf 77' lang='lat' dir='ltr'>metuere</span> 
     </span>
     <span class='ocr_line' id='line_1_17' title="bbox 40 1826 1971 1902; baseline 0.001 -20"><span class='ocrx_word' id='word_1_130' title='bbox 40 1827 428 1882; x_wconf 83' lang='lat' dir='ltr'>conciliationes</span> <span class='ocrx_word' id='word_1_131' title='bbox 459 1827 721 1881; x_wconf 78' lang='lat' dir='ltr'>adhibens.</span> <span class='ocrx_word' id='word_1_132' title='bbox 786 1827 871 1880; x_wconf 86' lang='lat' dir='ltr'>Ex</span> <span class='ocrx_word' id='word_1_133' title='bbox 894 1826 995 1880; x_wconf 67' lang='lat' dir='ltr'>hac</span> <span class='ocrx_word' id='word_1_134' title='bbox 1019 1827 1269 1879; x_wconf 90' lang='lat' dir='ltr'>librorum</span> <span class='ocrx_word' id='word_1_135' title='bbox 1303 1828 1561 1894; x_wconf 88' lang='lat' dir='ltr'>varietate,</span> <span class='ocrx_word' id='word_1_136' title='bbox 1605 1829 1738 1882; x_wconf 69' lang='lat' dir='ltr'>forte</span> <span class='ocrx_word' id='word_1_137' title='bbox 1779 1830 1971 1902; x_wconf 88' lang='lat' dir='ltr'>conjici</span> 
     </span>
    </p>

    <p class='ocr_par' dir='ltr' id='par_1_6' title="bbox 0 1909 1973 3116">
     <span class='ocr_line' id='line_1_18' title="bbox 0 1909 1973 1994; baseline 0.001 -18"><span class='ocrx_word' id='word_1_138' title='bbox 0 1980 4 1981; x_wconf 16' lang='lat'><em>⁷</em></span> <span class='ocrx_word' id='word_1_139' title='bbox 42 1932 238 1994; x_wconf 87' lang='lat' dir='ltr'>posset,</span> <span class='ocrx_word' id='word_1_140' title='bbox 277 1923 368 1992; x_wconf 82' lang='lat' dir='ltr'>secl</span> <span class='ocrx_word' id='word_1_141' title='bbox 409 1941 475 1975; x_wconf 91' lang='lat' dir='ltr'>ne</span> <span class='ocrx_word' id='word_1_142' title='bbox 517 1922 682 1975; x_wconf 76' lang='lat' dir='ltr'>hostes</span> <span class='ocrx_word' id='word_1_143' title='bbox 717 1929 1010 1987; x_wconf 84' lang='lat' dir='ltr'>metuerent,</span> <span class='ocrx_word' id='word_1_144' title='bbox 1051 1921 1433 1975; x_wconf 83' lang='lat' dir='ltr'>conciliationes</span> <span class='ocrx_word' id='word_1_145' title='bbox 1468 1909 1714 1975; x_wconf 75' lang='lat' dir='ltr'>adhibens</span> <span class='ocrx_word' id='word_1_146' title='bbox 1730 1944 1748 1987; x_wconf 90' lang='grc'>,·</span> <span class='ocrx_word' id='word_1_147' title='bbox 1783 1922 1864 1976; x_wconf 79' lang='lat' dir='ltr'>vel</span> <span class='ocrx_word' id='word_1_148' title='bbox 1907 1942 1973 1978; x_wconf 86' lang='lat' dir='ltr'>ne</span> 
     </span>
     <span class='ocr_line' id='line_1_19' title="bbox 41 2013 1972 2086; baseline 0 -17"><span class='ocrx_word' id='word_1_149' title='bbox 41 2014 208 2073; x_wconf 69' lang='lat' dir='ltr'>hostes</span> <span class='ocrx_word' id='word_1_150' title='bbox 252 2023 442 2086; x_wconf 82' lang='lat' dir='ltr'>metum</span> <span class='ocrx_word' id='word_1_151' title='bbox 478 2014 908 2068; x_wconf 77' lang='lat' dir='ltr'>reconciliationis</span> <span class='ocrx_word' id='word_1_152' title='bbox 945 2013 1262 2068; x_wconf 79' lang='lat' dir='ltr'>adhiberent.</span> <span class='ocrx_word' id='word_1_153' title='bbox 1326 2014 1431 2068; x_wconf 90' lang='lat' dir='ltr'>Sed</span> <span class='ocrx_word' id='word_1_154' title='bbox 1463 2015 1634 2086; x_wconf 89' lang='lat' dir='ltr'>potior</span> <span class='ocrx_word' id='word_1_155' title='bbox 1677 2016 1844 2068; x_wconf 88' lang='lat' dir='ltr'>adhuc</span> <span class='ocrx_word' id='word_1_156' title='bbox 1892 2025 1972 2070; x_wconf 80' lang='lat' dir='ltr'>est</span> 
     </span>
     <span class='ocr_line' id='line_1_20' title="bbox 45 2107 1972 2174; baseline -0.002 -8"><span class='ocrx_word' id='word_1_157' title='bbox 45 2108 325 2166; x_wconf 89' lang='lat' dir='ltr'>Puteolani</span> <span class='ocrx_word' id='word_1_158' title='bbox 358 2108 532 2163; x_wconf 90' lang='lat' dir='ltr'>lecti0.</span> <span class='ocrx_word' id='word_1_159' title='bbox 595 2107 805 2162; x_wconf 83' lang='lat' dir='ltr'>Frustra</span> <span class='ocrx_word' id='word_1_160' title='bbox 842 2109 1146 2161; x_wconf 84' lang='lat' dir='ltr'>emendabat</span> <span class='ocrx_word' id='word_1_161' title='bbox 1194 2108 1590 2174; x_wconf 88' lang='lat' dir='ltr'>Freinshemius,</span> <span class='ocrx_word' id='word_1_162' title='bbox 1626 2109 1713 2163; x_wconf 85' lang='lat' dir='ltr'>sed</span> <span class='ocrx_word' id='word_1_163' title='bbox 1742 2127 1807 2162; x_wconf 90' lang='lat' dir='ltr'>ne</span> <span class='ocrx_word' id='word_1_164' title='bbox 1834 2108 1972 2163; x_wconf 76' lang='lat' dir='ltr'>hosti</span> 
     </span>
     <span class='ocr_line' id='line_1_21' title="bbox 42 2193 1971 2276; baseline -0.003 -17"><span class='ocrx_word' id='word_1_165' title='bbox 42 2212 234 2259; x_wconf 85' lang='lat' dir='ltr'>metum</span> <span class='ocrx_word' id='word_1_166' title='bbox 258 2201 685 2256; x_wconf 81' lang='lat' dir='ltr'>reconciliationis</span> <span class='ocrx_word' id='word_1_167' title='bbox 709 2201 994 2255; x_wconf 78' lang='lat' dir='ltr'>adhiberet.</span> <span class='ocrx_word' id='word_1_168' title='bbox 1055 2200 1264 2255; x_wconf 86' lang='lat' dir='ltr'>Frustra</span> <span class='ocrx_word' id='word_1_169' title='bbox 1302 2193 1528 2273; x_wconf 85' lang='lat' dir='ltr'>Lipsius,</span> <span class='ocrx_word' id='word_1_170' title='bbox 1566 2203 1655 2256; x_wconf 87' lang='lat' dir='ltr'>sed</span> <span class='ocrx_word' id='word_1_171' title='bbox 1690 2222 1778 2256; x_wconf 88' lang='lat' dir='ltr'>nec</span> <span class='ocrx_word' id='word_1_172' title='bbox 1811 2201 1971 2276; x_wconf 75' lang='lat' dir='ltr'>hostis</span> 
     </span>
     <span class='ocr_line' id='line_1_22' title="bbox 42 2288 1970 2362; baseline -0.001 -11"><span class='ocrx_word' id='word_1_173' title='bbox 42 2288 199 2362; x_wconf 81' lang='lat' dir='ltr'>metu,</span> <span class='ocrx_word' id='word_1_174' title='bbox 222 2294 632 2349; x_wconf 81' lang='lat' dir='ltr'>reconciliationi</span> <span class='ocrx_word' id='word_1_175' title='bbox 654 2314 704 2348; x_wconf 87' lang='lat' dir='ltr'>se</span> <span class='ocrx_word' id='word_1_176' title='bbox 727 2294 1006 2348; x_wconf 77' lang='lat' dir='ltr'>adhiberet.</span> <span class='ocrx_word' id='word_1_177' title='bbox 1082 2294 1249 2348; x_wconf 74' lang='lat' dir='ltr'>Recte</span> <span class='ocrx_word' id='word_1_178' title='bbox 1274 2295 1408 2347; x_wconf 91' lang='lat' dir='ltr'>enim</span> <span class='ocrx_word' id='word_1_179' title='bbox 1436 2294 1664 2348; x_wconf 89' lang='lat' dir='ltr'>eruditus</span> <span class='ocrx_word' id='word_1_180' title='bbox 1693 2295 1937 2348; x_wconf 88' lang='lat' dir='ltr'>Petavius</span> <span class='ocrx_word' id='word_1_181' title='bbox 1953 2316 1970 2350; x_wconf 68' lang='grc' dir='ltr'><strong>ε</strong></span> 
     </span>
     <span class='ocr_line' id='line_1_23' title="bbox 43 2367 1971 2460; baseline -0.001 -18"><span class='ocrx_word' id='word_1_182' title='bbox 43 2394 85 2423; x_wconf 83' lang='grc'><strong>“</strong></span> <span class='ocrx_word' id='word_1_183' title='bbox 106 2389 392 2459; x_wconf 87' lang='lat' dir='ltr'>Argutatur</span> <span class='ocrx_word' id='word_1_184' title='bbox 418 2388 646 2458; x_wconf 84' lang='lat' dir='ltr'>Lipsius.</span> <span class='ocrx_word' id='word_1_185' title='bbox 714 2389 850 2441; x_wconf 85' lang='lat' dir='ltr'>Sana</span> <span class='ocrx_word' id='word_1_186' title='bbox 872 2386 1044 2440; x_wconf 80' lang='lat' dir='ltr'>lectio,</span> <span class='ocrx_word' id='word_1_187' title='bbox 1105 2385 1452 2443; x_wconf 57' lang='lat' dir='ltr'>&#39;Sensusesu</span> <span class='ocrx_word' id='word_1_188' title='bbox 1497 2388 1642 2442; x_wconf 90' lang='lat' dir='ltr'>Otho</span> <span class='ocrx_word' id='word_1_189' title='bbox 1680 2408 1784 2441; x_wconf 91' lang='lat' dir='ltr'>non</span> <span class='ocrx_word' id='word_1_190' title='bbox 1822 2367 1971 2460; x_wconf 78' lang='lat' dir='ltr'>quasi</span> 
     </span>
     <span class='ocr_line' id='line_1_24' title="bbox 43 2466 1970 2552; baseline -0.001 -16"><span class='ocrx_word' id='word_1_191' title='bbox 43 2482 334 2552; x_wconf 83' lang='lat' dir='ltr'>ignosceret</span> <span class='ocrx_word' id='word_1_192' title='bbox 387 2482 603 2548; x_wconf 76' lang='lat' dir='ltr'>tantum,</span> <span class='ocrx_word' id='word_1_193' title='bbox 650 2480 880 2534; x_wconf 67' lang='lat' dir='ltr'>ceterum</span> <span class='ocrx_word' id='word_1_194' title='bbox 929 2480 1224 2551; x_wconf 88' lang='lat' dir='ltr'>negligeret,</span> <span class='ocrx_word' id='word_1_195' title='bbox 1273 2483 1362 2534; x_wconf 90' lang='lat' dir='ltr'>sed</span> <span class='ocrx_word' id='word_1_196' title='bbox 1409 2482 1619 2552; x_wconf 74' lang='lat' dir='ltr'>repente</span> <span class='ocrx_word' id='word_1_197' title='bbox 1666 2502 1729 2534; x_wconf 87' lang='lat' dir='ltr'>ex</span> <span class='ocrx_word' id='word_1_198' title='bbox 1777 2466 1970 2535; x_wconf 79' lang='lat' dir='ltr'>intimis</span> 
     </span>
     <span class='ocr_line' id='line_1_25' title="bbox 42 2574 1969 2646; baseline -0.001 -17"><span class='ocrx_word' id='word_1_199' title='bbox 42 2576 241 2642; x_wconf 79' lang='lat' dir='ltr'>habuit,</span> <span class='ocrx_word' id='word_1_200' title='bbox 265 2596 330 2629; x_wconf 92' lang='lat' dir='ltr'>ne</span> <span class='ocrx_word' id='word_1_201' title='bbox 370 2576 530 2629; x_wconf 88' lang='lat' dir='ltr'>hostis</span> <span class='ocrx_word' id='word_1_202' title='bbox 571 2585 715 2629; x_wconf 88' lang='lat' dir='ltr'>metu</span> <span class='ocrx_word' id='word_1_203' title='bbox 764 2586 1058 2646; x_wconf 83' lang='lat' dir='ltr'>suspectam</span> <span class='ocrx_word' id='word_1_204' title='bbox 1088 2575 1240 2640; x_wconf 44' lang='lat' dir='ltr'>‚illam</span> <span class='ocrx_word' id='word_1_205' title='bbox 1279 2574 1743 2629; x_wconf 83' lang='lat' dir='ltr'>reconciliationem</span> <span class='ocrx_word' id='word_1_206' title='bbox 1778 2575 1969 2628; x_wconf 85' lang='lat' dir='ltr'>habere</span> 
     </span>
     <span class='ocr_line' id='line_1_26' title="bbox 43 2667 1973 2745; baseline 0.001 -22"><span class='ocrx_word' id='word_1_207' title='bbox 43 2669 316 2745; x_wconf 52' lang='lat' dir='ltr'>rideretur.</span> <span class='ocrx_word' id='word_1_208' title='bbox 387 2667 489 2722; x_wconf 90' lang='lat' dir='ltr'>Vel</span> <span class='ocrx_word' id='word_1_209' title='bbox 526 2670 617 2736; x_wconf 89' lang='lat' dir='ltr'>sic,</span> <span class='ocrx_word' id='word_1_210' title='bbox 652 2689 747 2722; x_wconf 91' lang='lat' dir='ltr'>nec</span> <span class='ocrx_word' id='word_1_211' title='bbox 771 2669 842 2722; x_wconf 90' lang='lat' dir='ltr'>ita</span> <span class='ocrx_word' id='word_1_212' title='bbox 864 2688 918 2723; x_wconf 92' lang='lat' dir='ltr'>se</span> <span class='ocrx_word' id='word_1_213' title='bbox 949 2668 1119 2739; x_wconf 88' lang='lat' dir='ltr'>gessit,</span> <span class='ocrx_word' id='word_1_214' title='bbox 1145 2668 1291 2740; x_wconf 91' lang='lat' dir='ltr'>quasi</span> <span class='ocrx_word' id='word_1_215' title='bbox 1314 2669 1618 2740; x_wconf 88' lang='lat' dir='ltr'>ignosceret,</span> <span class='ocrx_word' id='word_1_216' title='bbox 1643 2670 1733 2722; x_wconf 91' lang='lat' dir='ltr'>sed</span> <span class='ocrx_word' id='word_1_217' title='bbox 1755 2667 1973 2739; x_wconf 74' lang='lat' dir='ltr'>perinde</span> 
     </span>
     <span class='ocr_line' id='line_1_27' title="bbox 46 2762 1973 2834; baseline -0.002 -16"><span class='ocrx_word' id='word_1_218' title='bbox 46 2784 109 2819; x_wconf 87' lang='lat' dir='ltr'>ac</span> <span class='ocrx_word' id='word_1_219' title='bbox 132 2763 175 2817; x_wconf 89' lang='lat' dir='ltr'>si</span> <span class='ocrx_word' id='word_1_220' title='bbox 222 2782 425 2833; x_wconf 89' lang='lat' dir='ltr'>semper</span> <span class='ocrx_word' id='word_1_221' title='bbox 466 2762 799 2817; x_wconf 87' lang='lat' dir='ltr'>amicissimus</span> <span class='ocrx_word' id='word_1_222' title='bbox 842 2764 1035 2829; x_wconf 88' lang='lat' dir='ltr'>fuisset,</span> <span class='ocrx_word' id='word_1_223' title='bbox 1077 2774 1232 2834; x_wconf 89' lang='lat' dir='ltr'>atque</span> <span class='ocrx_word' id='word_1_224' title='bbox 1274 2773 1331 2816; x_wconf 92' lang='lat' dir='ltr'>ut</span> <span class='ocrx_word' id='word_1_225' title='bbox 1367 2783 1431 2817; x_wconf 91' lang='lat' dir='ltr'>ne</span> <span class='ocrx_word' id='word_1_226' title='bbox 1471 2774 1616 2817; x_wconf 89' lang='lat' dir='ltr'>metu</span> <span class='ocrx_word' id='word_1_227' title='bbox 1657 2762 1818 2815; x_wconf 88' lang='lat' dir='ltr'>hostis</span> <span class='ocrx_word' id='word_1_228' title='bbox 1860 2779 1973 2815; x_wconf 83' lang='lat' dir='ltr'>sus·</span> 
     </span>
     <span class='ocr_line' id='line_1_28' title="bbox 45 2855 1973 2929; baseline -0.002 -18"><span class='ocrx_word' id='word_1_229' title='bbox 45 2867 252 2929; x_wconf 86' lang='lat' dir='ltr'>pectam</span> <span class='ocrx_word' id='word_1_230' title='bbox 274 2855 417 2909; x_wconf 90' lang='lat' dir='ltr'>illam</span> <span class='ocrx_word' id='word_1_231' title='bbox 441 2856 910 2910; x_wconf 89' lang='lat' dir='ltr'>reconciliationem</span> <span class='ocrx_word' id='word_1_232' title='bbox 925 2858 1114 2910; x_wconf 90' lang='lat' dir='ltr'>habere</span> <span class='ocrx_word' id='word_1_233' title='bbox 1127 2855 1430 2910; x_wconf 85' lang='lat' dir='ltr'>videretur.”</span> <span class='ocrx_word' id='word_1_234' title='bbox 1464 2855 1590 2927; x_wconf 61' lang='lat' dir='ltr'>Ipsa</span> <span class='ocrx_word' id='word_1_235' title='bbox 1616 2867 1785 2909; x_wconf 90' lang='lat' dir='ltr'>tamen</span> <span class='ocrx_word' id='word_1_236' title='bbox 1822 2855 1973 2908; x_wconf 85' lang='lat' dir='ltr'>Peta-</span> 
     </span>
     <span class='ocr_line' id='line_1_29' title="bbox 43 2947 1972 3021; baseline 0.001 -19"><span class='ocrx_word' id='word_1_237' title='bbox 43 2949 197 3003; x_wconf 68' lang='lat' dir='ltr'>viana</span> <span class='ocrx_word' id='word_1_238' title='bbox 219 2948 563 3020; x_wconf 85' lang='lat' dir='ltr'>explicatione</span> <span class='ocrx_word' id='word_1_239' title='bbox 587 2949 853 3004; x_wconf 91' lang='lat' dir='ltr'>meliorem</span> <span class='ocrx_word' id='word_1_240' title='bbox 877 2949 1180 3004; x_wconf 88' lang='lat' dir='ltr'>crediderim</span> <span class='ocrx_word' id='word_1_241' title='bbox 1205 2949 1540 3018; x_wconf 89' lang='lat' dir='ltr'>Huetianam,</span> <span class='ocrx_word' id='word_1_242' title='bbox 1564 2968 1716 3021; x_wconf 89' lang='lat' dir='ltr'>quam</span> <span class='ocrx_word' id='word_1_243' title='bbox 1758 2947 1811 3002; x_wconf 90' lang='lat' dir='ltr'>in</span> <span class='ocrx_word' id='word_1_244' title='bbox 1833 2947 1972 3004; x_wconf 74' lang='lat' dir='ltr'>notis</span> 
     </span>
     <span class='ocr_line' id='line_1_30' title="bbox 44 3042 313 3116; baseline 0 -20"><span class='ocrx_word' id='word_1_245' title='bbox 44 3042 313 3116; x_wconf 85' lang='lat' dir='ltr'>proposui.</span> 
     </span>
    </p>

    <p class='ocr_par' dir='ltr' id='par_1_7' title="bbox 0 3148 1970 3229">
     <span class='ocr_line' id='line_1_31' title="bbox 0 3148 1970 3229; baseline 0.001 -26"><span class='ocrx_word' id='word_1_246' title='bbox 0 3156 28 3229; x_wconf 26' lang='grc' dir='ltr'>ᾖ·</span> <span class='ocrx_word' id='word_1_247' title='bbox 120 3149 274 3203; x_wconf 87' lang='lat' dir='ltr'>Inter</span> <span class='ocrx_word' id='word_1_248' title='bbox 295 3149 519 3203; x_wconf 84' lang='lat' dir='ltr'>intimos.</span> <span class='ocrx_word' id='word_1_249' title='bbox 592 3148 681 3203; x_wconf 91' lang='lat' dir='ltr'>Sic</span> <span class='ocrx_word' id='word_1_250' title='bbox 707 3148 880 3204; x_wconf 91' lang='lat' dir='ltr'>MSS.</span> <span class='ocrx_word' id='word_1_251' title='bbox 906 3150 1041 3220; x_wconf 90' lang='lat' dir='ltr'>Reg.</span> <span class='ocrx_word' id='word_1_252' title='bbox 1069 3148 1231 3204; x_wconf 89' lang='lat' dir='ltr'>Corb.</span> <span class='ocrx_word' id='word_1_253' title='bbox 1256 3149 1384 3219; x_wconf 88' lang='lat' dir='ltr'>Agr.</span> <span class='ocrx_word' id='word_1_254' title='bbox 1426 3148 1584 3202; x_wconf 91' lang='lat' dir='ltr'>editio</span> <span class='ocrx_word' id='word_1_255' title='bbox 1632 3148 1875 3222; x_wconf 89' lang='lat' dir='ltr'>princeps</span> <span class='ocrx_word' id='word_1_256' title='bbox 1916 3157 1970 3204; x_wconf 76' lang='lat' dir='ltr'>et</span> 
     </span>
    </p>

    <p class='ocr_par' dir='ltr' id='par_1_8' title="bbox 0 3240 2003 3392">
     <span class='ocr_line' id='line_1_32' title="bbox 0 3240 2003 3364; baseline 0 -66"><span class='ocrx_word' id='word_1_257' title='bbox 0 3267 10 3364; x_wconf 60' lang='lat' dir='ltr'>i</span> <span class='ocrx_word' id='word_1_258' title='bbox 44 3242 373 3298; x_wconf 77' lang='lat' dir='ltr'>recentiores·</span> <span class='ocrx_word' id='word_1_259' title='bbox 446 3240 513 3294; x_wconf 92' lang='lat' dir='ltr'>In</span> <span class='ocrx_word' id='word_1_260' title='bbox 536 3241 709 3297; x_wconf 86' lang='lat' dir='ltr'>MSS.</span> <span class='ocrx_word' id='word_1_261' title='bbox 734 3241 889 3296; x_wconf 88' lang='lat' dir='ltr'>Harl.</span> <span class='ocrx_word' id='word_1_262' title='bbox 914 3242 1072 3297; x_wconf 92' lang='lat' dir='ltr'>Bodl.</span> <span class='ocrx_word' id='word_1_263' title='bbox 1094 3243 1130 3299; x_wconf 83' lang='lat' dir='ltr'><strong>J</strong></span> <span class='ocrx_word' id='word_1_264' title='bbox 1135 3263 1206 3298; x_wconf 86' lang='lat' dir='ltr'>es</span> <span class='ocrx_word' id='word_1_265' title='bbox 1231 3252 1284 3296; x_wconf 91' lang='lat' dir='ltr'>et</span> <span class='ocrx_word' id='word_1_266' title='bbox 1311 3242 1646 3313; x_wconf 88' lang='lat' dir='ltr'>Puteolanus,</span> <span class='ocrx_word' id='word_1_267' title='bbox 1669 3241 1813 3298; x_wconf 66' lang='lat' dir='ltr'>in&#39;trd</span> <span class='ocrx_word' id='word_1_268' title='bbox 1835 3243 1970 3299; x_wconf 72' lang='lat' dir='ltr'>inti-</span> <span class='ocrx_word' id='word_1_269' title='bbox 1998 3263 2003 3266; x_wconf 84' lang='lat'><strong>·</strong></span> 
     </span>
     <span class='ocr_line' id='line_1_33' title="bbox 0 3336 175 3393; baseline -0.009 -0.667"><span class='ocrx_word' id='word_1_270' title='bbox 0 3336 175 3393; x_wconf 69' lang='lat' dir='ltr'>·..¹nos</span> 
     </span>
    </p>
   </div>
   <div class='ocr_carea' id='block_1_4' title="bbox 0 3370 1971 3547">
    <p class='ocr_par' dir='ltr' id='par_1_9' title="bbox 0 3370 1971 3547">
     <span class='ocr_line' id='line_1_34' title="bbox 0 3370 1971 3547; baseline 0.002 -51"><span class='ocrx_word' id='word_1_271' title='bbox 0 3370 39 3495; x_wconf 44' lang='lat' dir='ltr'>i*</span> <span class='ocrx_word' id='word_1_272' title='bbox 120 3441 454 3497; x_wconf 78' lang='lat' dir='ltr'>Primoribus</span> <span class='ocrx_word' id='word_1_273' title='bbox 513 3441 761 3499; x_wconf 79' lang='lat' dir='ltr'>civitatis.</span> <span class='ocrx_word' id='word_1_274' title='bbox 838 3442 1058 3514; x_wconf 73' lang='lat' dir='ltr'>Optime</span> <span class='ocrx_word' id='word_1_275' title='bbox 1105 3443 1403 3504; x_wconf 85' lang='lat' dir='ltr'>Rhenanus.</span> <span class='ocrx_word' id='word_1_276' title='bbox 1478 3442 1633 3503; x_wconf 71' lang='lat' dir='ltr'>Male</span> <span class='ocrx_word' id='word_1_277' title='bbox 1695 3440 1874 3547; x_wconf 81' lang='lat' dir='ltr'>MSS</span> <span class='ocrx_word' id='word_1_278' title='bbox 1915 3449 1971 3500; x_wconf 72' lang='lat' dir='ltr'>et</span> 
     </span>
    </p>
   </div>
   <div class='ocr_carea' id='block_1_5' title="bbox 0 3510 1160 3627">
    <p class='ocr_par' dir='ltr' id='par_1_10' title="bbox 0 3510 1160 3627">
     <span class='ocr_line' id='line_1_35' title="bbox 0 3510 1160 3627; baseline 0.001 -36"><span class='ocrx_word' id='word_1_279' title='bbox 0 3510 33 3627; x_wconf 57' lang='grc' dir='ltr'>ἒς·</span> <span class='ocrx_word' id='word_1_280' title='bbox 14 3545 242 3594; x_wconf 75' lang='lat' dir='ltr'>veteres</span> <span class='ocrx_word' id='word_1_281' title='bbox 265 3536 647 3609; x_wconf 76' lang='lat' dir='ltr'>editiones,pro</span> <span class='ocrx_word' id='word_1_282' title='bbox 669 3534 895 3594; x_wconf 77' lang='lat' dir='ltr'>moribus</span> <span class='ocrx_word' id='word_1_283' title='bbox 919 3537 1160 3602; x_wconf 79' lang='lat' dir='ltr'>civitatis.</span> 
     </span>
    </p>
   </div>
  </div>
 </body>
</html>
