2210 3978
377 162 475 210 AD
511 157 638 209 LIB.
672 157 738 207 V.
776 156 947 207 HIST.
981 157 1041 206 C.
1075 155 1282 207 Con-N.
1314 155 1567 210 TACITI.
1866 169 1963 220 703

99 296 152 339 et
174 297 404 359 ³1an
447 306 574 355 saepe
619 289 915 353 interrogati,
951 288 1069 337 nihil
1097 288 1421 353 respondere.¹
1492 292 1576 348 At,
1613 289 1725 340 cum
1766 292 1883 341 olim
1908 295 1967 342 P.

101 377 369 427 Matthaeus
407 378 549 427 Ricci
585 378 648 427 ad
694 375 1070 442 'l’clzang-Kiao,
1107 394 1189 426 seu
1233 379 1500 442 Synagogae
1539 383 1776 428 rectorem
1820 381 1968 446 scrip-

99 464 238 515 sisset
261 466 487 514 Messiam
511 465 775 523 advenisse,
809 465 888 514 ille
912 464 1160 531 respondit
1182 464 1232 513 id
1258 482 1422 514 verum
1443 482 1540 514 non
1562 484 1698 525 esse:
1735 470 1968 519 Messinm

30 571 32 574 ’
102 569 201 602 non
226 562 478 602 venturum
516 562 625 602 ante
649 553 817 602 decem
841 552 988 600 millia
1010 569 1258 602 annorum.
1328 553 1450 602 Inde
1475 556 1588 604 sane
1613 572 1801 620 semper
1817 557 1967 622 profi·

103 647 267 690 tentur
287 658 336 689 se
357 647 610 705 expectare
633 640 836 689 salutem
861 639 1059 688 Domini
1078 657 1089 690 :
1129 641 1324 689 solemni
1347 641 1429 690 ill-:2
1453 641 1675 702 formula,
1700 661 1812 708 quae
1829 647 1962 709 apud

96 744 269 782 >omnes
291 729 510 787 Judaeos,
546 729 689 777 etiam
716 727 949 784 Sinenses‚
984 737 1055 776 est
1089 730 1322 793 vulgaris:
1385 734 1512 783 rna-1⁹
1542 735 1680 801 ’.ΠἾΡ
1699 719 1961 799 ἾΠΜΨἾῘ).

101 815 161 865 Id
184 823 269 875 est,
319 822 351 843 “
375 817 575 865 salutem
599 824 731 864 tuam
754 816 1024 879 expectavi,
1058 817 1326 866 Jehovah.'’

38 981 164 1030 Haec
188 981 280 1030 sint
302 982 413 1030 satis
452 983 514 1031 de
547 972 733 1033 Judaeis
771 983 1064 1032 Sinensibus.
1132 984 1199 1031 At
1238 983 1467 1033 miremur
1504 993 1696 1050 gentem
1738 988 1784 1035 in
1823 988 1967 1056 tantis

105 1069 328 1118 locorum
373 1071 629 1119 intervallis
669 1087 857 1135 semper
894 1071 968 1118 sui
1009 1070 1227 1128 similem,
1263 1086 1439 1131 mores,
1474 1073 1703 1138 ritusque,
1741 1092 1873 1139 quos,
1889 1082 1967 1124 tot

104 1156 278 1205 abhinc
318 1147 486 1206 seculis
522 1158 775 1222 descripsit
796 1158 1015 1216 Tacitus,
1051 1158 1099 1206 in
1122 1166 1338 1208 extremo
1363 1167 1596 1208 terrarum
1620 1162 1739 1210 orbe
1763 1162 1965 1210 retinen-

108 1251 223 1293 tem.
290 1246 527 1294 Miremur
564 1246 712 1310 magis
754 1254 940 1294 tantum
987 1245 1242 1294 discrimen
1283 1247 1405 1295 inter
1445 1249 1772 1297 Romanorum
1800 1250 1966 1298 Sinen—

109 1332 328 1397 siumque
352 1334 414 1382 de
435 1332 619 1382 Judaeis
634 1333 840 1396 judicia.
909 1322 1059 1391 Quod
1087 1333 1210 1383 unde
1234 1334 1563 1398 repetendum,
1598 1335 1683 1383 nisi
1707 1336 1770 1385 ab
1795 1338 1970 1387 utrius-

113 1436 210 1484 que
232 1421 403 1486 populi
426 1421 616 1487 ingenio
634 1425 670 1471 3¹
725 1414 946 1479 Romani,
981 1422 1190 1470 animosa
1214 1423 1544 1488 bellicosaque
1567 1440 1695 1487 gens,
1731 1432 1969 1473 terrarum

113 1508 302 1568 victrix,
338 1518 501 1559 cetera
540 1511 702 1558 omnia
735 1510 1013 1574 despexere,
1051 1505 1353 1574 barbaraque
1393 1519 1691 1575 reputavere.
1757 1513 1973 1562 Sinenses

114 1603 300 1655 contra,
335 1598 562 1662 sapienti-a
604 1598 773 1663 magis,
827 1597 970 1661 quam
1011 1597 1200 1660 ingenio
1240 1604 1327 1646 aut
1361 1601 1520 1646 animo
1543 1599 1703 1657 validi,
1739 1595 1972 1665 pacisque
2050 1627 2053 1631 ·

123 1670 292 1738 studiis
315 1687 483 1743 dediti,
518 1688 566 1734 se
592 1685 788 1750 quidem
810 1685 1070 1756 plurimum
1111 1685 1327 1742 faciunt3
1366 1686 1497 1750 quod
1539 1687 1845 1735 humanitatis
1882 1695 1972 1746 est,

79 1794 81 1796 ·
117 1776 322 1824 maxime
346 1774 477 1838 apud
503 1774 738 1837 sapientes
758 1791 770 1822 ε
810 1781 862 1821 at
885 1780 1086 1830 ceterOS,
1123 1773 1162 1819 si
1187 1772 1306 1836 quid
1330 1774 1376 1821 in
1400 1774 1455 1822 iis
1480 1774 1741 1833 laudabile,
1765 1775 1975 1841 probant

78 1884 83 1889 ·
114 1863 442 1928 laudantque:
482 1861 615 1927 quod
639 1860 879 1926 aequitatis
902 1868 972 1909 est
993 1868 1041 1908 et
1058 1860 1348 1932 prudentiae.

77 2201 82 2217 ι
127 2143 278 2198 CAP.
310 2151 385 2198 14.
436 2141 618 2196 Vetera
645 2150 831 2194 castra.
907 2140 1052 2193 Bene
1079 2140 1249 2194 MSS.
1276 2152 1326 2193 et
1352 2153 1544 2194 veteres
1570 2141 1977 2214 recentioresque

49 2236 319 2290 editiones,
398 2235 606 2306 Lipsius
637 2233 826 2298 omisit,
865 2243 1050 2285 castra.
1824 2248 1826 2250 ’

55 2363 63 2371 -
127 2329 203 2383 Et
239 2337 405 2391 sextcc.
480 2327 697 2398 Optime
744 2326 1036 2378 MerceruS.
1112 2325 1392 2396 Perperam
1434 2326 1484 2378 in
1527 2327 1698 2380 MSS.
1738 2340 1791 2381 et
1833 2328 1977 2382 libris

52 2421 294 2475 omnibus
327 2421 473 2488 editis
499 2431 613 2473 ante
639 2418 722 2471 Cl.
749 2419 1043 2483 Ernestum‚
1083 2418 1171 2489 qui
1210 2419 1510 2471 RIercerum
1549 2431 1753 2472 secutus
1794 2433 1891 2488 est,
1927 2432 1976 2476 et

54 2528 192 2567 XVI.
230 2513 308 2566 vel
333 2523 380 2567 et
404 2512 772 2567 sextaedecimce.
809 2512 933 2565 Jam
957 2510 1300 2563 sextadecima
1317 2511 1452 2579 legio
1476 2525 1584 2564 erat
1609 2533 1728 2564 cum
1754 2512 1975 2569 Cereali.

54 2598 316 2662 Praeterea
335 2591 518 2659 *auctus
542 2615 620 2657 est
644 2604 788 2656 sexta
812 2603 1031 2673 legione,
1071 2621 1184 2673 quae
1208 2623 1269 2655 ex
1301 2603 1557 2672 Hispania
1583 2619 1880 2669 accesserat,
1918 2619 1974 2661 ut

28 2692 31 2694 ³
52 2711 196 2772 patet
218 2720 281 2753 ex
307 2699 475 2768 capite
509 2700 589 2751 16.
626 2697 678 2749 in
704 2716 806 2767 quo
825 2695 1052 2748 Cerealis
1074 2696 1559 2765 quartadecimanos,
1596 2709 1791 2750 sextam
1813 2699 1975 2769 legio-

107 2965 122 2986 ¹
155 2959 284 3003 Certe
304 2973 418 3014 saepe
435 2972 508 3000 eos
525 2956 888 3010 interrogantibus
908 2956 1112 2996 Patribus
1126 2955 1291 2995 Gozani
1310 2962 1355 2995 et
1368 2956 1593 3008 Domenge
1613 2957 1779 2998 siluere.
1809 2957 1973 3000 siluere

53 3056 223 3100 quoque
242 3042 338 3084 cum
356 3053 468 3081 anno
490 3044 611 3082 1723.
633 3041 896 3090 Synagogam
910 3036 1019 3076 adiit
1039 3037 1089 3076 P.
1108 3036 1282 3087 Gaubss,
1301 3049 1531 3089 vocemque
1553 3018 1681 3074 nb‘tv
1700 3037 1752 3078 iis
1773 3040 1977 3094 ostendit,

0 3131 10 3135 ’
53 3131 100 3167 et
119 3124 223 3180 quid
249 3123 362 3176 apud
393 3134 467 3162 eos
497 3120 759 3174 significaret
779 3118 956 3172 quaesiit.
1012 3116 1075 3157 At
1107 3118 1203 3156 etim
1237 3118 1326 3169 ipse
1355 3117 1552 3182 coepisset
1570 3117 1622 3157 iis
1650 3118 1867 3171 explicare
1888 3134 1973 3174 quo

51 3218 177 3248 sensu
206 3205 364 3245 Patres·
396 3203 675 3255 doctoresque
709 3200 918 3240 Ecclesiae
953 3211 1101 3239 vocem
1134 3198 1248 3238 illam
1285 3198 1551 3250 acciperent,
1582 3198 1753 3250 juvenis
1796 3201 1971 3242 Judaeus

50 3286 218 3328 veniam
253 3283 458 3338 loquendi
478 3283 658 3324 comiter
674 3282 818 3335 petiit,
846 3282 1042 3334 dixitque
1074 3293 1119 3320 se
1150 3280 1177 3320 a
1212 3292 1365 3332 magno
1404 3283 1557 3331 patruo
1586 3291 1677 3330 suo,
1706 3280 1854 3332 paucis
1870 3280 1972 3321 ante

51 3366 169 3408 annis
187 3370 370 3416 mortuo,
389 3365 614 3414 audivisse,
634 3363 793 3416 aliquid
812 3361 944 3402 divini
963 3362 1006 3400 in
1025 3361 1105 3401 hac
1123 3372 1229 3401 voce
1244 3373 1350 3411 esse,
1370 3359 1505 3412 eaque
1522 3359 1749 3412 significari
1762 3361 1974 3402 hominem

51 3447 243 3488 divinum
259 3446 427 3486 missum
445 3445 496 3484 iri
514 3444 541 3484 a
556 3445 669 3484 Deo.
726 3443 835 3482 Tale
847 3441 1018 3493 juvenis
1036 3442 1063 3483 J
1069 3441 1179 3481 udaei
1198 3439 1488 3481 testimonium
1507 3445 1598 3480 tum
1615 3441 1669 3482 P.
1689 3440 1865 3494 Ganbil,
1883 3446 1974 3482 tum

23 3557 26 3561 ,
53 3527 149 3572 1²1².
168 3525 334 3568 Gemi
354 3531 399 3568 et
417 3527 620 3580 Jacques,
650 3522 721 3578 qui
735 3525 929 3575 aderant,
956 3520 1097 3563 mirati
1113 3527 1229 3563 sunt.
