2210 3978
466 136 564 184 AD
600 133 726 184 Lm.
760 134 824 183 v,
860 134 1034 184 misr.
1070 135 1128 183 c,
1156 133 1371 200 CORN.
1405 134 1655 184 TAcirl.
1925 136 2024 199 679

88 269 194 316 erat
219 260 340 314 urbs
364 259 556 332 magud
581 260 797 314 colluvie
820 260 855 315 J
862 261 1140 326 udaeorum,
1178 270 1231 314 et
1256 259 1625 324 Idumaeorum,
1661 268 1707 313 et
1733 269 2017 317 ceterarum

86 354 295 408 urbium
318 352 654 419 ,Iudaicarum
679 354 840 407 clade.
877 354 1050 407 Tacit.
1078 353 1219 407 Hist.
1252 372 1302 406 v,
1337 359 1415 407 12.
1463 353 1721 408 Praeterea
1745 356 2014 425 obsidione

78 446 248 512 ,clausi
286 457 406 499 sunt
449 446 640 510 sudaei,
693 448 832 512 cum,
890 448 958 498 ob
1010 445 1275 499 paschatis
1317 445 1684 514 celebritatem,
1740 447 1790 507 in
1831 452 2011 515 urbem

85 539 309 610 undique
366 538 732 591 convenissent.
807 538 1016 598 Quanta
1080 549 1250 591 autem
1304 538 1626 593 multitudine
1671 542 2014 609 convenirent,

86 628 292 683 Cestius
318 642 626 700 cognoverat
651 630 827 701 paucis
872 631 987 682 ante
1013 630 1170 695 annis,
1209 632 1303 682 sub
1331 630 1487 682 finem
1515 631 1796 685 Neroniani
1823 634 2011 703 princi-

84 724 256 792 patus,
294 721 681 793 vigentibusque
704 722 938 775 Judaicis
965 725 1148 776 rebus:
1189 734 1512 792 compertum
1556 724 1691 776 enim
1736 744 1796 776 ex
1822 725 2011 779 hostia·

84 830 196 866 rum
223 832 437 866 numero
462 825 570 866 tum
598 814 671 866 ibi
698 814 854 866 fuisse
880 814 1034 866 vicies
1059 813 1244 884 septies
1270 825 1480 867 centena
1505 814 1678 881 millia,
1703 823 2009 882 2‚700,000.

81 924 331 985 purorum
378 917 787 977 sanctorumque,
845 917 902 958 ut
955 906 1249 977 loquuntur,
1316 907 1638 973 Judaeorum,
1694 909 1780 979 qui
1822 929 2007 980 agnum

10 1013 21 1037 1
85 996 716 1064 Paschalemcomedere3
756 998 966 1076 minime
1011 997 1324 1067 computatis
1366 1000 1756 1053 menstrualibus
1786 1002 2011 1056 mulieri·

82 1092 198 1155 bus,
235 1090 380 1159 lepra
421 1090 584 1142 aliave
622 1090 917 1159 impuritate
955 1089 1319 1154 laborantibuS,
1357 1101 1409 1144 et
1444 1090 1754 1165 alienigenis,
1793 1094 1881 1164 qui
1905 1095 2008 1149 huc

81 1201 287 1254 quoque
310 1182 564 1252 religionis
590 1183 746 1235 causfi
771 1183 1111 1235 confluebant.
1185 1183 1395 1245 Γίνονται
1417 1184 1453 1235 δ’
1478 1181 1676 1256 οἷνὸρῶν·
1696 1213 1747 1260 2·
1767 1188 2009 1259 -μυςιάδες

82 1275 398 1344 ἑβδομήκοντα
415 1277 494 1327 καὶ
517 1275 768 1341 διακόσιαι,
797 1276 1007 1348 καθαρῶν
1033 1275 1250 1328 ἀπάντων
1271 1276 1350 1327 καὶ
1370 1274 1539 1347 ἁγίων·
1567 1274 1669 1327 οὔτε
1687 1279 1786 1349 γοὶς
1805 1282 2006 1350 λεπροῖς,

82 1365 184 1419 οὔτε
207 1367 494 1440 γονοῤῥοίοις,
532 1367 634 1421 οὔτε
660 1371 867 1440 γυναιξὶν
891 1369 1184 1437 ἐπεμμήνοις,
1222 1367 1323 1420 οὔτε
1347 1372 1443 1430 τοῖς
1478 1368 1643 1428 ἄλλως
1673 1370 2009 1440 μεμιασμένοις

82 1461 184 1523 ἐξῆν
208 1463 347 1522 τῆσδε
372 1466 452 1523 τῆς
491 1460 650 1522 θυσίας
683 1460 1091 1529 μεταλαμβάνειν·
1129 1459 1245 1512 α’λλ’
1290 1462 1386 1512 οὐδὲ
1428 1464 1521 1523 τοῖς
1565 1459 1873 1529 ἀλλοφύλοις,
1911 1464 2008 1518 ὅσοι

80 1556 210 1606 κατὰ
250 1552 491 1625 θρησκείαν
533 1558 764 1624 παρῆσαν.
840 1553 1060 1621 Joseph.
1106 1558 1140 1583 “
1168 1551 1303 1604 Bell.
1326 1551 1483 1605 Jud.''
1521 1571 1602 1604 vl.
1640 1561 1691 1613 9.
1742 1537 1869 1608 1113.
1945 1555 2010 1610 In

77 1645 230 1715 hujus
255 1645 377 1714 ergo
405 1645 670 1696 Paschatis
696 1645 991 1697 celebritate
1029 1663 1309 1696 convenere
1349 1645 1546 1696 circiter
1584 1644 1752 1698 tricies
1794 1658 2008 1703 centena

77 1735 254 1802 millia,
291 1724 599 1801 3,000,000,
636 1737 919 1788 hominum.

151 1828 217 1880 In
258 1848 500 1898 supremo
539 1840 708 1880 autem
751 1828 1024 1891 Paschate,
1064 1828 1202 1898 quod
1241 1827 1413 1882 Judaei
1449 1828 1519 1881 A.
1544 1826 1598 1883 J.
1628 1829 1693 1882 C.
1719 1836 1806 1887 70.
1844 1841 2007 1898 stante

23 1972 28 1976 .
78 1921 296 1991 templo,
335 1921 669 1987 celebravere,
707 1919 871 1973 multo
899 1920 1066 1972 minor
1093 1919 1366 1974 multitudo
1398 1919 1619 1974 maxime
1646 1922 1674 1974 ὲ
1714 1921 2005 1994 longinquis

63 2005 367 2083 'regionibus
390 2014 642 2079 convenit,
669 2013 840 2066 attritsi
858 2015 971 2084 jam
998 2012 1147 2064 bellis
1173 2013 1204 2066 J
1213 2013 1377 2078 udaea,
1416 2025 1467 2065 et
1491 2013 1785 2067 imminente
1812 2014 2005 2069 Hiero·
2031 2070 2037 2076 ,

78 2105 380 2176 solymitani&
407 2106 688 2158 obsidione.
763 2105 1130 2157 Verumtamen
1157 2105 1275 2156 cum
1302 2104 1354 2156 in
1387 2105 1449 2157 ea
1475 2100 1738 2158 obsidione
1763 2108 2004 2176 perierint

76 2199 313 2252 undecies
340 2210 550 2251 centena
574 2197 754 2263 millia,
788 2204 1089 2262 1,100,000.
1127 2197 1413 2262 hominum,
1439 2197 1774 2251 certissimum
1801 2211 1877 2252 est
1900 2218 2004 2253 non

60 2290 231 2344 ‘fuisse
270 2301 509 2343 sexcenta
548 2290 709 2343 millia
748 2292 1093 2354 obsessorum,
1146 2290 1235 2373 sed
1271 2288 1441 2359 potius
1483 2290 1754 2344 duodecies
1794 2303 2007 2346 centena

77 2384 254 2450 millia,
301 2391 599 2449 1,200‚000.
639 2395 726 2435 aut
752 2383 903 2435 etiam
930 2380 1167 2451 amplius.
1241 2381 1461 2433 Tantam
1501 2393 1671 2434 autem
1714 2394 1823 2436 tum
1864 2384 2006 2437 inco-

52 2474 257 2541 ¹larum,
283 2487 392 2527 tum
414 2477 719 2528 advenarum
746 2473 1119 2526 multitudinem
1142 2473 1192 2524 in
1214 2475 1340 2525 urbe
1364 2473 1757 2542 Hierosolymis,
1782 2495 2002 2545 quorum

75 2569 297 2621 ambitus
335 2567 432 2628 suit
479 2569 676 2620 tantum
727 2584 968 2618 xxxnr.
1025 2565 1320 2631 stadiorum,
1371 2584 1524 2617 nemo
1565 2565 1846 2634 mirabitur,
1883 2570 2005 2622 cum

58 2661 344 2714 'attenderit
381 2659 499 2711 huic
538 2660 653 2712 urbi
697 2658 852 2712 fuisse
903 2657 1245 2727 pulcherrima
1287 2659 1599 2722 suburbana,
1636 2661 1700 2710 τοὶ
1739 2668 2015 2732 περικαλλῆ·

58 2751 336 2826 ’προάστεια
359 2757 440 2816 τῆς
465 2752 661 2817 πόλεως,
702 2770 815 2821 quae
843 2761 1094 2802 memorat
1118 2749 1397 2819 ‚Iosephus,
1435 2754 1470 2780 “
1496 2749 1632 2802 Bell.
1656 2750 1692 2804 J
1697 2751 1817 2803 ud.’'
1844 2770 1925 2804 v1.
1959 2761 2003 2804 l.

72 2864 124 2898 n.
161 2853 202 2897 1.
277 2844 493 2914 Insuper
531 2840 861 2913 cogitandum
905 2842 955 2894 in
1001 2842 1214 2896 Oriente
1255 2861 1412 2892 unum
1453 2841 1748 2894 cubiculum
1787 2862 1888 2896 non
1915 2845 2003 2901 uni

73 2938 272 2990 tantum
311 2936 526 3001 homini,
565 2938 661 2988 sed'
693 2936 785 2987 toti
830 2934 1033 2987 familiae
1078 2933 1356 2986 suffecisse.
1432 2932 1582 2985 Unde
1622 2946 1726 2985 tam
1766 2936 2003 3006 frequens

73 3030 250 3100 pesti8‚
284 3039 339 3080 ut
364 3030 497 3081 recte
524 3032 760 3080 observat
784 3027 1010 3079 eruditus
1038 3027 1208 3091 Shaw,
1266 3031 1299 3056 “
1325 3025 1560 3094 Voyages
1585 3008 1707 3078 dans
1730 3025 1779 3078 la
1796 3014 2003 3081 *Barba-

74 3121 147 3173 rie
171 3131 222 3172 et
245 3119 293 3172 le
320 3119 569 3184 Levant,''
595 3120 714 3172 Vol.
749 3138 785 3171 1.
813 3139 863 3188 p.
891 3125 1014 3172 354.
1056 3117 1182 3170 Ideo
1208 3137 1415 3188 quoque
1441 3117 1490 3169 in
1515 3117 1781 3171 obsidione
1809 3118 2001 3172 Hiero-

52 3211 393 3280 'solymitanQ
449 3212 634 3265 eversis
679 3211 996 3276 suburbanis,
1053 3222 1103 3262 et
1144 3208 1383 3262 omnibus
1441 3209 1492 3261 in
1546 3212 1672 3263 urbe
1730 3211 1999 3263 confertim

73 3303 450 3372 agglomeratis,
489 3324 551 3356 ex
576 3303 679 3355 loci
706 3302 940 3371 angusti&
967 3312 1111 3354 atrox
1138 3301 1295 3370 pestis
1338 3311 1563 3370 grassata
1600 3312 1712 3368 θεῖς
1751 3314 1805 3354 ut
1846 3303 2003 3370 habes

52 3390 355 3464 ’Josephus,
394 3400 427 3425 “
451 3394 585 3448 Bell.
610 3393 771 3447 Jud.”
810 3412 890 3445 vt.
928 3401 981 3453 9.
1008 3413 1071 3446 n.
1099 3399 1151 3445 3.
1215 3391 1310 3448 “sse
1348 3415 1400 3445 τε
1443 3395 1495 3444 τὸ
1537 3395 1623 3461 μὲν
1648 3399 1824 3466 πρῶτον
1850 3397 2003 3456 αὐτοῖς

78 3489 158 3550 τὴν
182 3487 497 3557 στενοχωρίαν
521 3486 732 3559 γενέσθαι
759 3486 959 3567 λοιμώδη
991 3484 1176 3557 Φθοςᾶν.
