2210 3978
204 617 534 691 NOTAE
594 620 728 689 ET
796 616 1738 688 EMENDATIONES
1767 673 1786 677 -

273 934 279 936 ’
313 939 412 987 ΑΙ)
447 938 714 986 LIBRUM
751 938 1093 995 QUARTUM
1131 934 1612 984 HISTORIARUM

387 1226 466 1296 C.
518 1225 1088 1336 CORNELII
1152 1224 1564 1295 TACITI.

108 1903 260 1973 ΟΠ.
307 1920 353 1964 1.
418 1881 568 1964 Fors
608 1909 880 1964 obtulerat.
955 1908 1100 1962 Bene
1158 1910 1286 1964 MS.
1338 1911 1499 1966 Corb.
1563 1913 1854 1988 Beroaldus*
1892 1932 1946 1975 et

37 2012 359 2067 recentiores.
431 2009 496 2061 In
524 2010 695 2062 MSS.
722 2007 875 2060 Harl.
902 2007 1058 2062 Bodl.
1098 2018 1149 2061 et
1171 2010 1477 2063 editionibus
1501 2015 1770 2082 veteribuS,
1806 2036 1947 2085 sors,-

37 2116 95 2158 ut
129 2106 243 2176 jam
290 2102 504 2156 vidimus
560 2121 715 2172 supra
755 2099 942 2154 Annal.
990 2118 1118 2153 xlv.
1156 2109 1207 2155 5.
1284 2101 1371 2155 Cf.
1410 2122 1614 2175 quoque
1653 2105 1829 2163 Bentl.
1882 2111 1947 2163 ad

35 2195 176 2250 Hor.
205 2198 369 2249 Serm.
398 2213 438 2246 1.
474 2211 555 2245 v1.
603 2200 691 2246 54.

117 2287 509 2357 Conspexerant.
565 2284 729 2337 Recte
757 2283 927 2337 MSS.
955 2283 1094 2336 Flor.
1120 2283 1254 2354 Reg.
1281 2283 1431 2337 Harl.
1454 2284 1608 2341 Bodl.
1633 2289 1671 2343 J
1674 2309 1745 2343 eS.
1770 2291 1949 2348 Guelf.
1995 2345 1998 2349 .

42 2380 172 2450 Agr.
221 2378 376 2431 editio
421 2376 660 2447 princeps
707 2385 758 2429 et
816 2375 1136 2429 recentiores.
1236 2376 1386 2430 Male
1436 2378 1768 2451 PuteolanuS,
1825 2403 1955 2455 pro.

42 2480 323 2543 spexerant.

119 2563 209 2616 Ex
223 2563 392 2634 plebe.
466 2560 638 2614 MSS.
666 2560 818 2613 Harl.
842 2561 878 2615 J
882 2581 952 2614 es,
981 2560 1143 2613 Corb.
1169 2571 1220 2613 et
1245 2561 1397 2616 editio
1423 2563 1678 2634 princep3‚
1700 2563 1729 2618 ὲ
1739 2566 1908 2637 plebe.

121 2654 198 2708 Et
220 2654 451 2727 fortuna
493 2664 651 2725 capta:
687 2654 846 2706 urbis.
920 2653 1113 2705 Manet
1138 2653 1461 2720 XVertranius„
1499 2665 1547 2708 et
1568 2656 1757 2729 forma
1800 2670 1960 2732 capta:

50 2747 210 2802 urbis,
250 2748 321 2800 Et
337 2748 501 2811 certe,
521 2746 727 2819 forma,
766 2744 920 2816 quom
925 2745 1174 2815 fortuna,
1210 2746 1330 2798 huic
1354 2746 1473 2800 loco
1496 2749 1678 2818 aptior.
1718 2750 1958 2807 Formam

49 2840 289 2909 probavit
328 2828 630 2902 Davanzati,
684 2844 719 2869 “
746 2839 774 2890 ὲ
815 2839 974 2890 faccia
1017 2839 1066 2889 di
1092 2840 1310 2890 sforzata
1332 2838 1518 2891 citta?
1533 2840 1835 2912 fortunam,
1874 2843 1959 2899 Cl.

55 2931 295 2997 Gordon,
332 2938 365 2962 “
391 2932 476 2983 the
500 2929 769 2983 miserable
792 2930 868 2982 lot
893 2932 955 2983 of
973 2950 1002 2983 a
1026 2930 1124 2999 city
1149 2931 1374 2983 stonned
1398 2933 1492 2983 and
1518 2932 1752 2987 sacked.”

130 3135 279 3189 CAP.
306 3143 357 3188 2.
398 3133 591 3187 Filium
619 3132 887 3205 Principis
909 3135 1111 3207 agebat.
1189 3133 1273 3187 Cl.
1301 3134 1547 3187 Ernestus
1572 3134 1760 3202 mallet,
1791 3156 1963 3211 agens.

56 3228 175 3294 Vel,
212 3227 300 3281 sed
339 3226 561 3279 nondum
599 3225 671 3277 ad
710 3245 856 3279 curas
895 3228 1132 3293 intentus,
1182 3228 1371 3298 stupris
1411 3238 1457 3281 et
1499 3227 1765 3284 adulteriis
1781 3230 1965 3300 filium

63 3318 330 3390 Principis
353 3319 559 3392 agebat.

134 3411 464 3467 Postulabat.
541 3411 667 3466 MS.
689 3410 817 3482 Agr.
832 3363 1182 3482 postulabant.
