<?xml version="1.0" encoding="UTF-8"?>
<!DOCTYPE html PUBLIC "-//W3C//DTD XHTML 1.0 Transitional//EN"
    "http://www.w3.org/TR/xhtml1/DTD/xhtml1-transitional.dtd">
<html xmlns="http://www.w3.org/1999/xhtml" xml:lang="en" lang="en">
 <head>
  <title>
</title>
<meta http-equiv="Content-Type" content="text/html;charset=utf-8" />
  <meta name='ocr-system' content='tesseract 3.04.00' />
  <meta name='ocr-capabilities' content='ocr_page ocr_carea ocr_par ocr_line ocrx_word'/>
</head>
<body>
  <div class='ocr_page' id='page_1' title='image "./operarecognovite03taciuoft/operarecognovite03taciuoft_0388.png"; bbox 0 0 1760 3210; ppageno 0'>
   <div class='ocr_carea' id='block_1_1' title="bbox 171 136 1711 189">
    <p class='ocr_par' dir='ltr' id='par_1_1' title="bbox 171 136 1711 189">
     <span class='ocr_line' id='line_1_1' title="bbox 171 136 1711 189; baseline 0.006 -9"><span class='ocrx_word' id='word_1_1' title='bbox 171 143 251 186; x_wconf 80' lang='grc'><strong>378</strong></span> <span class='ocrx_word' id='word_1_2' title='bbox 664 141 711 181; x_wconf 90' lang='lat' dir='ltr'><strong>C.</strong></span> <span class='ocrx_word' id='word_1_3' title='bbox 738 136 1006 181; x_wconf 82' lang='lat' dir='ltr'><strong>CORNELII</strong></span> <span class='ocrx_word' id='word_1_4' title='bbox 1039 140 1224 184; x_wconf 83' lang='lat' dir='ltr'><strong>TAClTl</strong></span> <span class='ocrx_word' id='word_1_5' title='bbox 1411 148 1464 186; x_wconf 82' lang='lat' dir='ltr'><strong>A.</strong></span> <span class='ocrx_word' id='word_1_6' title='bbox 1482 146 1531 187; x_wconf 88' lang='lat' dir='ltr'><strong>U.</strong></span> <span class='ocrx_word' id='word_1_7' title='bbox 1549 147 1597 188; x_wconf 85' lang='lat' dir='ltr'><strong>C.</strong></span> <span class='ocrx_word' id='word_1_8' title='bbox 1617 150 1711 189; x_wconf 74' lang='lat'><strong>823.</strong></span> 
     </span>
    </p>
   </div>
   <div class='ocr_carea' id='block_1_2' title="bbox 158 244 1735 1302">
    <p class='ocr_par' dir='ltr' id='par_1_2' title="bbox 158 244 1735 1302">
     <span class='ocr_line' id='line_1_2' title="bbox 172 244 1708 314; baseline 0.006 -21"><span class='ocrx_word' id='word_1_9' title='bbox 172 245 396 294; x_wconf 83' lang='lat' dir='ltr'><strong>Rhenum</strong></span> <span class='ocrx_word' id='word_1_10' title='bbox 442 247 634 294; x_wconf 85' lang='lat' dir='ltr'>Oceano</span> <span class='ocrx_word' id='word_1_11' title='bbox 688 244 932 293; x_wconf 89' lang='lat' dir='ltr'><strong>adfundit.¹</strong></span> <span class='ocrx_word' id='word_1_12' title='bbox 999 248 1154 295; x_wconf 85' lang='lat' dir='ltr'>Causa</span> <span class='ocrx_word' id='word_1_13' title='bbox 1201 246 1482 307; x_wconf 77' lang='lat' dir='ltr'><strong>instruendae</strong></span> <span class='ocrx_word' id='word_1_14' title='bbox 1536 251 1708 314; x_wconf 81' lang='lat' dir='ltr'><strong>classis,</strong></span> 
     </span>
     <span class='ocr_line' id='line_1_3' title="bbox 163 322 1709 387; baseline 0.005 -15"><span class='ocrx_word' id='word_1_15' title='bbox 163 340 307 387; x_wconf 85' lang='lat' dir='ltr'><strong>super</strong></span> <span class='ocrx_word' id='word_1_16' title='bbox 343 322 521 370; x_wconf 76' lang='lat' dir='ltr'><strong>insitam</strong></span> <span class='ocrx_word' id='word_1_17' title='bbox 565 322 691 387; x_wconf 86' lang='lat' dir='ltr'><strong>genti</strong></span> <span class='ocrx_word' id='word_1_18' title='bbox 724 323 985 382; x_wconf 88' lang='lat' dir='ltr'><strong>vanitatem,</strong></span> <span class='ocrx_word' id='word_1_19' title='bbox 1028 335 1079 372; x_wconf 93' lang='lat' dir='ltr'><strong>ut</strong></span> <span class='ocrx_word' id='word_1_20' title='bbox 1115 341 1172 372; x_wconf 92' lang='lat' dir='ltr'><strong>eo</strong></span> <span class='ocrx_word' id='word_1_21' title='bbox 1210 336 1387 375; x_wconf 88' lang='lat' dir='ltr'><strong>terrore</strong></span> <span class='ocrx_word' id='word_1_22' title='bbox 1421 339 1709 378; x_wconf 61' lang='lat' dir='ltr'><strong>commeatus</strong></span> 
     </span>
     <span class='ocr_line' id='line_1_4' title="bbox 169 398 1709 472; baseline 0.005 -24"><span class='ocrx_word' id='word_1_23' title='bbox 169 400 327 466; x_wconf 69' lang='lat' dir='ltr'><strong>Gallia</strong></span> <span class='ocrx_word' id='word_1_24' title='bbox 349 402 643 448; x_wconf 84' lang='lat' dir='ltr'>adventantes</span> <span class='ocrx_word' id='word_1_25' title='bbox 665 398 1002 463; x_wconf 86' lang='lat' dir='ltr'><strong>interciperent.</strong></span> <span class='ocrx_word' id='word_1_26' title='bbox 1037 415 1040 418; x_wconf 72' lang='grc'>’</span> <span class='ocrx_word' id='word_1_27' title='bbox 1073 400 1264 451; x_wconf 89' lang='lat' dir='ltr'><strong>Cerialis</strong></span> <span class='ocrx_word' id='word_1_28' title='bbox 1298 403 1521 454; x_wconf 83' lang='lat' dir='ltr'><strong>miraculo</strong></span> <span class='ocrx_word' id='word_1_29' title='bbox 1543 405 1709 472; x_wconf 69' lang='lat' dir='ltr'><strong>magis,</strong></span> 
     </span>
     <span class='ocr_line' id='line_1_5' title="bbox 158 475 1708 544; baseline 0.001 -19"><span class='ocrx_word' id='word_1_30' title='bbox 158 476 311 543; x_wconf 39' lang='lat' dir='ltr'><strong>squam</strong></span> <span class='ocrx_word' id='word_1_31' title='bbox 347 488 493 535; x_wconf 87' lang='lat' dir='ltr'><strong>metu,</strong></span> <span class='ocrx_word' id='word_1_32' title='bbox 515 475 681 525; x_wconf 83' lang='lat' dir='ltr'><strong>direxit</strong></span> <span class='ocrx_word' id='word_1_33' title='bbox 703 477 912 536; x_wconf 83' lang='lat' dir='ltr'><strong>classem,</strong></span> <span class='ocrx_word' id='word_1_34' title='bbox 951 493 1148 526; x_wconf 87' lang='lat' dir='ltr'><strong>numero</strong></span> <span class='ocrx_word' id='word_1_35' title='bbox 1176 479 1416 544; x_wconf 89' lang='lat' dir='ltr'><strong>imparem,</strong></span> <span class='ocrx_word' id='word_1_36' title='bbox 1455 498 1543 530; x_wconf 86' lang='lat' dir='ltr'><strong>usu</strong></span> <span class='ocrx_word' id='word_1_37' title='bbox 1571 481 1708 536; x_wconf 83' lang='lat' dir='ltr'><strong>remi.</strong></span> 
     </span>
     <span class='ocr_line' id='line_1_6' title="bbox 163 555 1707 623; baseline 0.005 -20"><span class='ocrx_word' id='word_1_38' title='bbox 163 558 298 621; x_wconf 88' lang='lat' dir='ltr'><strong>gum,</strong></span> <span class='ocrx_word' id='word_1_39' title='bbox 335 555 699 619; x_wconf 85' lang='lat' dir='ltr'><strong>gubernatorum</strong></span> <span class='ocrx_word' id='word_1_40' title='bbox 733 564 848 612; x_wconf 90' lang='lat' dir='ltr'><strong>arte,</strong></span> <span class='ocrx_word' id='word_1_41' title='bbox 885 555 1071 603; x_wconf 84' lang='lat' dir='ltr'><strong>navium</strong></span> <span class='ocrx_word' id='word_1_42' title='bbox 1111 556 1424 622; x_wconf 84' lang='lat' dir='ltr'><strong>magnitudine</strong></span> <span class='ocrx_word' id='word_1_43' title='bbox 1462 559 1707 623; x_wconf 79' lang='lat' dir='ltr'><strong>potiorem.</strong></span> 
     </span>
     <span class='ocr_line' id='line_1_7' title="bbox 158 631 1707 701; baseline 0.006 -23"><span class='ocrx_word' id='word_1_44' title='bbox 158 632 254 681; x_wconf 74' lang='lat' dir='ltr'><strong>vHis</strong></span> <span class='ocrx_word' id='word_1_45' title='bbox 275 631 449 680; x_wconf 90' lang='lat' dir='ltr'><strong>flumen</strong></span> <span class='ocrx_word' id='word_1_46' title='bbox 466 631 723 681; x_wconf 90' lang='lat' dir='ltr'><strong>secundum</strong></span> <span class='ocrx_word' id='word_1_47' title='bbox 742 650 755 691; x_wconf 84' lang='lat'><em>3</em></span> <span class='ocrx_word' id='word_1_48' title='bbox 790 631 854 678; x_wconf 88' lang='lat' dir='ltr'><strong>illi</strong></span> <span class='ocrx_word' id='word_1_49' title='bbox 877 643 1016 701; x_wconf 79' lang='lat' dir='ltr'><strong>vento</strong></span> <span class='ocrx_word' id='word_1_50' title='bbox 1038 634 1305 698; x_wconf 69' lang='lat' dir='ltr'><strong>agebantur.</strong></span> <span class='ocrx_word' id='word_1_51' title='bbox 1374 634 1450 686; x_wconf 89' lang='lat' dir='ltr'><strong>Sic</strong></span> <span class='ocrx_word' id='word_1_52' title='bbox 1472 637 1707 700; x_wconf 61' lang='lat' dir='ltr'><strong>praevecti,</strong></span> 
     </span>
     <span class='ocr_line' id='line_1_8' title="bbox 164 709 1709 774; baseline 0.005 -17"><span class='ocrx_word' id='word_1_53' title='bbox 164 720 337 757; x_wconf 81' lang='lat' dir='ltr'><strong>tentato</strong></span> <span class='ocrx_word' id='word_1_54' title='bbox 390 709 589 757; x_wconf 88' lang='lat' dir='ltr'><strong>telorum</strong></span> <span class='ocrx_word' id='word_1_55' title='bbox 636 709 780 774; x_wconf 88' lang='lat' dir='ltr'><strong>jactu,</strong></span> <span class='ocrx_word' id='word_1_56' title='bbox 832 709 1125 758; x_wconf 88' lang='lat' dir='ltr'><strong>dirimuntur.</strong></span> <span class='ocrx_word' id='word_1_57' title='bbox 1209 711 1367 760; x_wconf 91' lang='lat' dir='ltr'><strong>Civilis</strong></span> <span class='ocrx_word' id='word_1_58' title='bbox 1417 712 1529 761; x_wconf 88' lang='lat' dir='ltr'><strong>nihil</strong></span> <span class='ocrx_word' id='word_1_59' title='bbox 1575 714 1709 764; x_wconf 79' lang='lat' dir='ltr'><strong>ultra</strong></span> 
     </span>
     <span class='ocr_line' id='line_1_9' title="bbox 164 786 1708 844; baseline 0.004 -9"><span class='ocrx_word' id='word_1_60' title='bbox 164 803 320 844; x_wconf 88' lang='lat' dir='ltr'><strong>ausus,</strong></span> <span class='ocrx_word' id='word_1_61' title='bbox 354 797 478 834; x_wconf 79' lang='lat' dir='ltr'><strong>trans</strong></span> <span class='ocrx_word' id='word_1_62' title='bbox 503 786 727 835; x_wconf 88' lang='lat' dir='ltr'><strong>Rhenum</strong></span> <span class='ocrx_word' id='word_1_63' title='bbox 757 786 994 835; x_wconf 89' lang='lat' dir='ltr'><strong>concessit.</strong></span> <span class='ocrx_word' id='word_1_64' title='bbox 1064 787 1255 836; x_wconf 88' lang='lat' dir='ltr'><strong>Cerialis</strong></span> <span class='ocrx_word' id='word_1_65' title='bbox 1287 788 1483 838; x_wconf 82' lang='lat' dir='ltr'><strong>insulam</strong></span> <span class='ocrx_word' id='word_1_66' title='bbox 1513 791 1708 841; x_wconf 79' lang='lat' dir='ltr'><strong>Batavo·</strong></span> 
     </span>
     <span class='ocr_line' id='line_1_10' title="bbox 162 863 1708 930; baseline 0.005 -19"><span class='ocrx_word' id='word_1_67' title='bbox 162 880 270 911; x_wconf 82' lang='lat' dir='ltr'><strong>rum</strong></span> <span class='ocrx_word' id='word_1_68' title='bbox 310 863 533 912; x_wconf 88' lang='lat' dir='ltr'><strong>hostiliter</strong></span> <span class='ocrx_word' id='word_1_69' title='bbox 571 864 834 928; x_wconf 88' lang='lat' dir='ltr'><strong>populatus,</strong></span> <span class='ocrx_word' id='word_1_70' title='bbox 867 881 1004 930; x_wconf 86' lang='lat' dir='ltr'><strong>agros</strong></span> <span class='ocrx_word' id='word_1_71' title='bbox 1032 864 1259 930; x_wconf 35' lang='lat' dir='ltr'><strong>*villasque</strong></span> <span class='ocrx_word' id='word_1_72' title='bbox 1296 865 1454 915; x_wconf 88' lang='lat' dir='ltr'><strong>Civilis</strong></span> <span class='ocrx_word' id='word_1_73' title='bbox 1497 867 1708 928; x_wconf 73' lang='lat' dir='ltr'><strong>intactos,</strong></span> 
     </span>
     <span class='ocr_line' id='line_1_11' title="bbox 163 940 1707 1005; baseline 0.004 -16"><span class='ocrx_word' id='word_1_74' title='bbox 163 940 275 990; x_wconf 66' lang='lat' dir='ltr'><strong>nota</strong></span> <span class='ocrx_word' id='word_1_75' title='bbox 296 952 393 989; x_wconf 90' lang='lat' dir='ltr'><strong>arte</strong></span> <span class='ocrx_word' id='word_1_76' title='bbox 417 941 609 998; x_wconf 88' lang='lat' dir='ltr'><strong>ducum,</strong></span> <span class='ocrx_word' id='word_1_77' title='bbox 645 941 847 989; x_wconf 88' lang='lat' dir='ltr'><strong>sinebat:</strong></span> <span class='ocrx_word' id='word_1_78' title='bbox 885 942 999 990; x_wconf 75' lang='lat' dir='ltr'><strong>cum</strong></span> <span class='ocrx_word' id='word_1_79' title='bbox 1021 942 1221 1002; x_wconf 84' lang='lat' dir='ltr'><strong>interim,</strong></span> <span class='ocrx_word' id='word_1_80' title='bbox 1245 941 1371 992; x_wconf 87' lang='lat' dir='ltr'><strong>flexu</strong></span> <span class='ocrx_word' id='word_1_81' title='bbox 1397 941 1626 1005; x_wconf 77' lang='lat' dir='ltr'><strong>autumni,</strong></span> <span class='ocrx_word' id='word_1_82' title='bbox 1658 955 1707 995; x_wconf 87' lang='lat' dir='ltr'><strong>et</strong></span> 
     </span>
     <span class='ocr_line' id='line_1_12' title="bbox 161 1018 1706 1086; baseline 0.004 -19"><span class='ocrx_word' id='word_1_83' title='bbox 161 1018 335 1067; x_wconf 82' lang='lat' dir='ltr'><strong>crebris</strong></span> <span class='ocrx_word' id='word_1_84' title='bbox 371 1019 644 1083; x_wconf 85' lang='lat' dir='ltr'><strong>pluvialibus</strong></span> <span class='ocrx_word' id='word_1_85' title='bbox 678 1019 919 1078; x_wconf 85' lang='lat' dir='ltr'><strong>imbribus,</strong></span> <span class='ocrx_word' id='word_1_86' title='bbox 953 1018 1224 1083; x_wconf 87' lang='lat' dir='ltr'><strong>superfusus</strong></span> <span class='ocrx_word' id='word_1_87' title='bbox 1258 1020 1422 1080; x_wconf 87' lang='lat' dir='ltr'><strong>amnis,</strong></span> <span class='ocrx_word' id='word_1_88' title='bbox 1453 1022 1706 1086; x_wconf 73' lang='lat' dir='ltr'><strong>palustrem</strong></span> 
     </span>
     <span class='ocr_line' id='line_1_13' title="bbox 161 1094 1735 1162; baseline 0.004 -20"><span class='ocrx_word' id='word_1_89' title='bbox 161 1095 482 1161; x_wconf 84' lang='lat' dir='ltr'><strong>humilemque</strong></span> <span class='ocrx_word' id='word_1_90' title='bbox 503 1095 703 1143; x_wconf 87' lang='lat' dir='ltr'><strong>insulam</strong></span> <span class='ocrx_word' id='word_1_91' title='bbox 727 1096 774 1144; x_wconf 88' lang='lat' dir='ltr'><strong>in</strong></span> <span class='ocrx_word' id='word_1_92' title='bbox 796 1094 961 1144; x_wconf 87' lang='lat' dir='ltr'><strong>faciem</strong></span> <span class='ocrx_word' id='word_1_93' title='bbox 985 1097 1132 1162; x_wconf 85' lang='lat' dir='ltr'><strong>stagni</strong></span> <span class='ocrx_word' id='word_1_94' title='bbox 1154 1096 1358 1161; x_wconf 87' lang='lat' dir='ltr'><strong>opplevit</strong></span> <span class='ocrx_word' id='word_1_95' title='bbox 1374 1115 1390 1146; x_wconf 74' lang='lat' dir='ltr'><strong>t</strong></span> <span class='ocrx_word' id='word_1_96' title='bbox 1424 1113 1511 1148; x_wconf 87' lang='lat' dir='ltr'><strong>nec</strong></span> <span class='ocrx_word' id='word_1_97' title='bbox 1533 1099 1706 1159; x_wconf 54' lang='lat' dir='ltr'><strong>classis,</strong></span> <span class='ocrx_word' id='word_1_98' title='bbox 1726 1148 1735 1155; x_wconf 87' lang='grc'><em>,</em></span> 
     </span>
     <span class='ocr_line' id='line_1_14' title="bbox 161 1172 1707 1239; baseline 0.003 -17"><span class='ocrx_word' id='word_1_99' title='bbox 161 1184 240 1223; x_wconf 88' lang='lat' dir='ltr'><strong>aut</strong></span> <span class='ocrx_word' id='word_1_100' title='bbox 257 1183 541 1221; x_wconf 85' lang='lat' dir='ltr'><strong>commeatus</strong></span> <span class='ocrx_word' id='word_1_101' title='bbox 562 1173 778 1221; x_wconf 85' lang='lat' dir='ltr'><strong>aderant:</strong></span> <span class='ocrx_word' id='word_1_102' title='bbox 815 1185 1052 1239; x_wconf 88' lang='lat' dir='ltr'><strong>castraque</strong></span> <span class='ocrx_word' id='word_1_103' title='bbox 1086 1174 1134 1222; x_wconf 89' lang='lat' dir='ltr'><strong>in</strong></span> <span class='ocrx_word' id='word_1_104' title='bbox 1155 1174 1294 1238; x_wconf 85' lang='lat' dir='ltr'><strong>plano</strong></span> <span class='ocrx_word' id='word_1_105' title='bbox 1316 1175 1416 1234; x_wconf 84' lang='lat' dir='ltr'><strong>sita,</strong></span> <span class='ocrx_word' id='word_1_106' title='bbox 1439 1175 1484 1224; x_wconf 88' lang='lat' dir='ltr'><strong>vi</strong></span> <span class='ocrx_word' id='word_1_107' title='bbox 1497 1172 1707 1226; x_wconf 69' lang='lat' dir='ltr'><strong>‘fluminis</strong></span> 
     </span>
     <span class='ocr_line' id='line_1_15' title="bbox 161 1249 528 1302; baseline -0.016 0"><span class='ocrx_word' id='word_1_108' title='bbox 161 1249 528 1302; x_wconf 82' lang='lat' dir='ltr'><strong>differebantur.²</strong></span> 
     </span>
    </p>
   </div>
   <div class='ocr_carea' id='block_1_3' title="bbox 161 1405 1707 2400">
    <p class='ocr_par' dir='ltr' id='par_1_3' title="bbox 161 1405 1707 2400">
     <span class='ocr_line' id='line_1_16' title="bbox 230 1405 1705 1473; baseline 0.005 -21"><span class='ocrx_word' id='word_1_109' title='bbox 230 1412 310 1453; x_wconf 73' lang='lat'><strong>24«.</strong></span> <span class='ocrx_word' id='word_1_110' title='bbox 347 1410 380 1433; x_wconf 89' lang='lat'><strong>“</strong></span> <span class='ocrx_word' id='word_1_111' title='bbox 413 1405 665 1454; x_wconf 69' lang='lat' dir='ltr'><strong>Po‘rtnsse</strong></span> <span class='ocrx_word' id='word_1_112' title='bbox 723 1417 833 1454; x_wconf 89' lang='lat' dir='ltr'><strong>tunc</strong></span> <span class='ocrx_word' id='word_1_113' title='bbox 885 1405 1083 1471; x_wconf 87' lang='lat' dir='ltr'><strong>opprimi</strong></span> <span class='ocrx_word' id='word_1_114' title='bbox 1139 1406 1362 1473; x_wconf 86' lang='lat' dir='ltr'><strong>legiones,</strong></span> <span class='ocrx_word' id='word_1_115' title='bbox 1417 1420 1463 1462; x_wconf 87' lang='lat' dir='ltr'><strong>et</strong></span> <span class='ocrx_word' id='word_1_116' title='bbox 1506 1410 1705 1462; x_wconf 84' lang='lat' dir='ltr'><strong>voluisse</strong></span> 
     </span>
     <span class='ocr_line' id='line_1_17' title="bbox 163 1483 1706 1554; baseline 0.004 -22"><span class='ocrx_word' id='word_1_117' title='bbox 163 1489 199 1513; x_wconf 76' lang='lat'><strong>‘⁶</strong></span> <span class='ocrx_word' id='word_1_118' title='bbox 235 1483 515 1542; x_wconf 83' lang='lat' dir='ltr'><strong>Germanos,</strong></span> <span class='ocrx_word' id='word_1_119' title='bbox 531 1485 612 1532; x_wconf 88' lang='lat' dir='ltr'><strong>sed</strong></span> <span class='ocrx_word' id='word_1_120' title='bbox 630 1484 739 1532; x_wconf 92' lang='lat' dir='ltr'><strong>dolo</strong></span> <span class='ocrx_word' id='word_1_121' title='bbox 755 1484 781 1533; x_wconf 76' lang='lat' dir='ltr'><strong>a</strong></span> <span class='ocrx_word' id='word_1_122' title='bbox 799 1502 848 1532; x_wconf 86' lang='lat' dir='ltr'><strong>se</strong></span> <span class='ocrx_word' id='word_1_123' title='bbox 857 1485 1068 1544; x_wconf 74' lang='lat' dir='ltr'><strong>fleXOS‚&#39;&#39;</strong></span> <span class='ocrx_word' id='word_1_124' title='bbox 1084 1485 1323 1550; x_wconf 89' lang='lat' dir='ltr'><strong>imputavit</strong></span> <span class='ocrx_word' id='word_1_125' title='bbox 1342 1486 1511 1536; x_wconf 86' lang='lat' dir='ltr'><strong>Civilis.</strong></span> <span class='ocrx_word' id='word_1_126' title='bbox 1535 1489 1706 1554; x_wconf 85' lang='lat' dir='ltr'><strong>Neque</strong></span> 
     </span>
     <span class='ocr_line' id='line_1_18' title="bbox 162 1562 1706 1627; baseline 0.005 -18"><span class='ocrx_word' id='word_1_127' title='bbox 162 1562 379 1610; x_wconf 81' lang='lat' dir='ltr'><strong>abhorret</strong></span> <span class='ocrx_word' id='word_1_128' title='bbox 418 1579 547 1621; x_wconf 86' lang='lat' dir='ltr'><strong>vero,</strong></span> <span class='ocrx_word' id='word_1_129' title='bbox 592 1563 779 1627; x_wconf 68' lang='lat' dir='ltr'><strong>quando</strong></span> <span class='ocrx_word' id='word_1_130' title='bbox 805 1563 960 1627; x_wconf 79' lang='lat' dir='ltr'><strong>paucis</strong></span> <span class='ocrx_word' id='word_1_131' title='bbox 982 1564 1089 1627; x_wconf 70' lang='lat' dir='ltr'><strong>pbst</strong></span> <span class='ocrx_word' id='word_1_132' title='bbox 1119 1563 1281 1612; x_wconf 87' lang='lat' dir='ltr'><strong>diebus</strong></span> <span class='ocrx_word' id='word_1_133' title='bbox 1305 1563 1476 1613; x_wconf 89' lang='lat' dir='ltr'><strong>deditio</strong></span> <span class='ocrx_word' id='word_1_134' title='bbox 1501 1565 1706 1616; x_wconf 83' lang='lat' dir='ltr'><strong>insecuta</strong></span> 
     </span>
     <span class='ocr_line' id='line_1_19' title="bbox 161 1640 1703 1708; baseline 0.003 -20"><span class='ocrx_word' id='word_1_135' title='bbox 161 1650 246 1688; x_wconf 82' lang='lat' dir='ltr'><strong>est.</strong></span> <span class='ocrx_word' id='word_1_136' title='bbox 313 1641 438 1688; x_wconf 87' lang='lat' dir='ltr'><strong>Nam</strong></span> <span class='ocrx_word' id='word_1_137' title='bbox 464 1640 671 1700; x_wconf 82' lang='lat' dir='ltr'><strong>Cerialis,</strong></span> <span class='ocrx_word' id='word_1_138' title='bbox 695 1658 778 1706; x_wconf 81' lang='lat' dir='ltr'><strong>per</strong></span> <span class='ocrx_word' id='word_1_139' title='bbox 801 1642 1006 1690; x_wconf 84' lang='lat' dir='ltr'><strong>occultos</strong></span> <span class='ocrx_word' id='word_1_140' title='bbox 1028 1641 1230 1701; x_wconf 83' lang='lat' dir='ltr'><strong>nuntios,</strong></span> <span class='ocrx_word' id='word_1_141' title='bbox 1265 1646 1297 1671; x_wconf 90' lang='lat'>“</span> <span class='ocrx_word' id='word_1_142' title='bbox 1322 1641 1502 1692; x_wconf 87' lang='lat' dir='ltr'><strong>Batavis</strong></span> <span class='ocrx_word' id='word_1_143' title='bbox 1523 1659 1703 1708; x_wconf 85' lang='lat' dir='ltr'><strong>pacem,</strong></span> 
     </span>
     <span class='ocr_line' id='line_1_20' title="bbox 163 1716 1704 1785; baseline 0.003 -19"><span class='ocrx_word' id='word_1_144' title='bbox 163 1722 199 1745; x_wconf 71' lang='lat'><strong>‘⁶</strong></span> <span class='ocrx_word' id='word_1_145' title='bbox 233 1716 370 1766; x_wconf 87' lang='lat' dir='ltr'><strong>Civili</strong></span> <span class='ocrx_word' id='word_1_146' title='bbox 391 1718 572 1766; x_wconf 87' lang='lat' dir='ltr'><strong>veniam</strong></span> <span class='ocrx_word' id='word_1_147' title='bbox 590 1719 622 1741; x_wconf 90' lang='lat'><strong>’&#39;</strong></span> <span class='ocrx_word' id='word_1_148' title='bbox 641 1731 890 1778; x_wconf 85' lang='lat' dir='ltr'><strong>ostentans,</strong></span> <span class='ocrx_word' id='word_1_149' title='bbox 909 1721 1133 1770; x_wconf 88' lang='lat' dir='ltr'><strong>Veledam</strong></span> <span class='ocrx_word' id='word_1_150' title='bbox 1149 1720 1524 1785; x_wconf 87' lang='lat' dir='ltr'><strong>propinquosque</strong></span> <span class='ocrx_word' id='word_1_151' title='bbox 1545 1737 1704 1772; x_wconf 80' lang='lat' dir='ltr'><strong>mone-</strong></span> 
     </span>
     <span class='ocr_line' id='line_1_21' title="bbox 162 1793 1705 1863; baseline 0.002 -20"><span class='ocrx_word' id='word_1_152' title='bbox 162 1795 256 1853; x_wconf 84' lang='lat' dir='ltr'><strong>bat,</strong></span> <span class='ocrx_word' id='word_1_153' title='bbox 294 1800 328 1823; x_wconf 76' lang='lat'><strong>‘⁶</strong></span> <span class='ocrx_word' id='word_1_154' title='bbox 361 1793 598 1843; x_wconf 86' lang='lat' dir='ltr'><strong>fortunam</strong></span> <span class='ocrx_word' id='word_1_155' title='bbox 626 1796 752 1855; x_wconf 91' lang='lat' dir='ltr'><strong>belli,</strong></span> <span class='ocrx_word' id='word_1_156' title='bbox 786 1808 853 1844; x_wconf 87' lang='lat' dir='ltr'><strong>tot</strong></span> <span class='ocrx_word' id='word_1_157' title='bbox 897 1797 1103 1845; x_wconf 86' lang='lat' dir='ltr'><strong>cladibus</strong></span> <span class='ocrx_word' id='word_1_158' title='bbox 1146 1798 1400 1856; x_wconf 82' lang='lat' dir='ltr'><strong>adversam,</strong></span> <span class='ocrx_word' id='word_1_159' title='bbox 1440 1810 1705 1863; x_wconf 81' lang='lat' dir='ltr'><strong>opportuno</strong></span> 
     </span>
     <span class='ocr_line' id='line_1_22' title="bbox 163 1872 1703 1937; baseline 0.003 -16"><span class='ocrx_word' id='word_1_160' title='bbox 163 1877 196 1899; x_wconf 77' lang='lat'><strong>‘⁶</strong></span> <span class='ocrx_word' id='word_1_161' title='bbox 231 1888 342 1937; x_wconf 86' lang='lat' dir='ltr'><strong>erga</strong></span> <span class='ocrx_word' id='word_1_162' title='bbox 358 1872 585 1937; x_wconf 87' lang='lat' dir='ltr'><strong>populum</strong></span> <span class='ocrx_word' id='word_1_163' title='bbox 609 1874 878 1923; x_wconf 86' lang='lat' dir='ltr'><strong>Romanum</strong></span> <span class='ocrx_word' id='word_1_164' title='bbox 895 1872 1058 1924; x_wconf 82' lang='lat' dir='ltr'><strong>merito</strong></span> <span class='ocrx_word' id='word_1_165' title='bbox 1083 1885 1277 1922; x_wconf 84' lang='lat' dir='ltr'><strong>mutare.</strong></span> <span class='ocrx_word' id='word_1_166' title='bbox 1348 1875 1509 1924; x_wconf 87' lang='lat' dir='ltr'><strong>Caesos</strong></span> <span class='ocrx_word' id='word_1_167' title='bbox 1530 1877 1703 1927; x_wconf 85' lang='lat' dir='ltr'><strong>Treve-</strong></span> 
     </span>
     <span class='ocr_line' id='line_1_23' title="bbox 166 1949 1707 2020; baseline 0.004 -24"><span class='ocrx_word' id='word_1_168' title='bbox 166 1953 200 1977; x_wconf 78' lang='lat'>“</span> <span class='ocrx_word' id='word_1_169' title='bbox 234 1966 329 2008; x_wconf 87' lang='lat' dir='ltr'><strong>ros,</strong></span> <span class='ocrx_word' id='word_1_170' title='bbox 369 1962 580 2014; x_wconf 85' lang='lat' dir='ltr'><strong>receptos</strong></span> <span class='ocrx_word' id='word_1_171' title='bbox 619 1949 787 2009; x_wconf 88' lang='lat' dir='ltr'><strong>Ubios,</strong></span> <span class='ocrx_word' id='word_1_172' title='bbox 821 1963 1025 2016; x_wconf 86' lang='lat' dir='ltr'><strong>ereptam</strong></span> <span class='ocrx_word' id='word_1_173' title='bbox 1064 1951 1246 2001; x_wconf 89' lang='lat' dir='ltr'><strong>Batavis</strong></span> <span class='ocrx_word' id='word_1_174' title='bbox 1287 1951 1510 2016; x_wconf 84' lang='lat' dir='ltr'><strong>patriam:</strong></span> <span class='ocrx_word' id='word_1_175' title='bbox 1551 1969 1707 2020; x_wconf 83' lang='lat' dir='ltr'><strong>neque</strong></span> 
     </span>
     <span class='ocr_line' id='line_1_24' title="bbox 161 2026 1701 2097; baseline 0.003 -23"><span class='ocrx_word' id='word_1_176' title='bbox 161 2032 197 2055; x_wconf 76' lang='lat'><strong>‘⁶</strong></span> <span class='ocrx_word' id='word_1_177' title='bbox 231 2026 356 2074; x_wconf 81' lang='lat' dir='ltr'><strong>aliud</strong></span> <span class='ocrx_word' id='word_1_178' title='bbox 397 2026 555 2076; x_wconf 87' lang='lat' dir='ltr'><strong>Civilis</strong></span> <span class='ocrx_word' id='word_1_179' title='bbox 593 2026 787 2075; x_wconf 67' lang='lat' dir='ltr'><strong>amicitia</strong></span> <span class='ocrx_word' id='word_1_180' title='bbox 832 2039 1060 2092; x_wconf 87' lang='lat' dir='ltr'><strong>paratum,</strong></span> <span class='ocrx_word' id='word_1_181' title='bbox 1104 2028 1246 2092; x_wconf 70' lang='lat' dir='ltr'><strong>quam</strong></span> <span class='ocrx_word' id='word_1_182' title='bbox 1290 2029 1498 2090; x_wconf 85' lang='lat' dir='ltr'><strong>vulnera,</strong></span> <span class='ocrx_word' id='word_1_183' title='bbox 1548 2029 1701 2097; x_wconf 69' lang='lat' dir='ltr'><strong>fugas,</strong></span> 
     </span>
     <span class='ocr_line' id='line_1_25' title="bbox 164 2104 1700 2169; baseline 0.005 -18"><span class='ocrx_word' id='word_1_184' title='bbox 164 2109 198 2135; x_wconf 73' lang='lat'><strong>‘⁶</strong></span> <span class='ocrx_word' id='word_1_185' title='bbox 233 2104 412 2152; x_wconf 88' lang='lat' dir='ltr'><strong>luctus:</strong></span> <span class='ocrx_word' id='word_1_186' title='bbox 450 2105 637 2152; x_wconf 83' lang='lat' dir='ltr'><strong>exulem</strong></span> <span class='ocrx_word' id='word_1_187' title='bbox 674 2122 782 2152; x_wconf 88' lang='lat' dir='ltr'><strong>eum</strong></span> <span class='ocrx_word' id='word_1_188' title='bbox 813 2117 858 2154; x_wconf 92' lang='lat' dir='ltr'><strong>et</strong></span> <span class='ocrx_word' id='word_1_189' title='bbox 897 2118 1151 2164; x_wconf 83' lang='lat' dir='ltr'><strong>extorrem,</strong></span> <span class='ocrx_word' id='word_1_190' title='bbox 1183 2105 1503 2169; x_wconf 87' lang='lat' dir='ltr'><strong>recipientibus</strong></span> <span class='ocrx_word' id='word_1_191' title='bbox 1541 2108 1700 2158; x_wconf 86' lang='lat' dir='ltr'><strong>oneri:</strong></span> 
     </span>
     <span class='ocr_line' id='line_1_26' title="bbox 165 2180 1702 2248; baseline 0.004 -20"><span class='ocrx_word' id='word_1_192' title='bbox 165 2186 197 2212; x_wconf 86' lang='lat'><strong>“</strong></span> <span class='ocrx_word' id='word_1_193' title='bbox 232 2192 278 2229; x_wconf 89' lang='lat' dir='ltr'><strong>et</strong></span> <span class='ocrx_word' id='word_1_194' title='bbox 299 2180 403 2230; x_wconf 84' lang='lat' dir='ltr'><strong>satis</strong></span> <span class='ocrx_word' id='word_1_195' title='bbox 425 2182 697 2245; x_wconf 84' lang='lat' dir='ltr'><strong>peccavisse,</strong></span> <span class='ocrx_word' id='word_1_196' title='bbox 733 2182 862 2246; x_wconf 71' lang='lat' dir='ltr'><strong>quod</strong></span> <span class='ocrx_word' id='word_1_197' title='bbox 885 2182 1049 2248; x_wconf 80' lang='lat' dir='ltr'><strong>totiens</strong></span> <span class='ocrx_word' id='word_1_198' title='bbox 1068 2183 1290 2230; x_wconf 87' lang='lat' dir='ltr'><strong>Rhenum</strong></span> <span class='ocrx_word' id='word_1_199' title='bbox 1311 2182 1702 2235; x_wconf 76' lang='lat' dir='ltr'><strong>transcenderint:</strong></span> 
     </span>
     <span class='ocr_line' id='line_1_27' title="bbox 165 2258 1703 2328; baseline 0.005 -21"><span class='ocrx_word' id='word_1_200' title='bbox 165 2263 197 2285; x_wconf 74' lang='lat'><strong>‘⁶</strong></span> <span class='ocrx_word' id='word_1_201' title='bbox 233 2258 270 2307; x_wconf 84' lang='lat' dir='ltr'><strong>si</strong></span> <span class='ocrx_word' id='word_1_202' title='bbox 293 2258 404 2323; x_wconf 90' lang='lat' dir='ltr'><strong>quid</strong></span> <span class='ocrx_word' id='word_1_203' title='bbox 438 2259 559 2307; x_wconf 86' lang='lat' dir='ltr'><strong>ultra</strong></span> <span class='ocrx_word' id='word_1_204' title='bbox 589 2260 854 2318; x_wconf 89' lang='lat' dir='ltr'><strong>moliantur,</strong></span> <span class='ocrx_word' id='word_1_205' title='bbox 892 2260 999 2310; x_wconf 89' lang='lat' dir='ltr'><strong>inde</strong></span> <span class='ocrx_word' id='word_1_206' title='bbox 1035 2260 1247 2328; x_wconf 83' lang='lat' dir='ltr'><strong>injuriam</strong></span> <span class='ocrx_word' id='word_1_207' title='bbox 1280 2271 1326 2310; x_wconf 88' lang='lat' dir='ltr'><strong>et</strong></span> <span class='ocrx_word' id='word_1_208' title='bbox 1355 2260 1558 2327; x_wconf 78' lang='lat' dir='ltr'><strong>culpam,</strong></span> <span class='ocrx_word' id='word_1_209' title='bbox 1591 2261 1703 2314; x_wconf 77' lang='lat' dir='ltr'><strong>hinc</strong></span> 
     </span>
     <span class='ocr_line' id='line_1_28' title="bbox 164 2335 850 2400; baseline 0.003 -17"><span class='ocrx_word' id='word_1_210' title='bbox 164 2340 197 2400; x_wconf 79' lang='lat'><strong>.“</strong></span> <span class='ocrx_word' id='word_1_211' title='bbox 233 2335 457 2384; x_wconf 86' lang='lat' dir='ltr'><strong>ultionem</strong></span> <span class='ocrx_word' id='word_1_212' title='bbox 478 2346 523 2384; x_wconf 87' lang='lat' dir='ltr'><strong>et</strong></span> <span class='ocrx_word' id='word_1_213' title='bbox 546 2337 675 2385; x_wconf 85' lang='lat' dir='ltr'><strong>Deos</strong></span> <span class='ocrx_word' id='word_1_214' title='bbox 697 2336 850 2385; x_wconf 86' lang='lat' dir='ltr'><strong>fore.&#39;&#39;</strong></span> 
     </span>
    </p>
   </div>
   <div class='ocr_carea' id='block_1_4' title="bbox 162 2480 1760 2714">
    <p class='ocr_par' dir='ltr' id='par_1_4' title="bbox 162 2480 1760 2714">
     <span class='ocr_line' id='line_1_29' title="bbox 230 2480 1700 2556; baseline 0.005 -19"><span class='ocrx_word' id='word_1_215' title='bbox 230 2497 310 2538; x_wconf 74' lang='lat'><strong>25.</strong></span> <span class='ocrx_word' id='word_1_216' title='bbox 369 2493 765 2541; x_wconf 76' lang='lat' dir='ltr'>MISCEBANTUR</span> <span class='ocrx_word' id='word_1_217' title='bbox 822 2491 954 2540; x_wconf 90' lang='lat' dir='ltr'><strong>minis</strong></span> <span class='ocrx_word' id='word_1_218' title='bbox 1009 2480 1249 2556; x_wconf 49' lang='lat' dir='ltr'><strong>promissa}</strong></span> <span class='ocrx_word' id='word_1_219' title='bbox 1361 2491 1423 2542; x_wconf 91' lang='lat' dir='ltr'><strong>Et</strong></span> <span class='ocrx_word' id='word_1_220' title='bbox 1477 2493 1700 2544; x_wconf 67' lang='lat' dir='ltr'><strong>concussi</strong></span> 
     </span>
     <span class='ocr_line' id='line_1_30' title="bbox 162 2567 1700 2637; baseline 0.005 -24"><span class='ocrx_word' id='word_1_221' title='bbox 162 2567 627 2618; x_wconf 79' lang='lat' dir='ltr'><strong>Transrhenanorum</strong></span> <span class='ocrx_word' id='word_1_222' title='bbox 667 2571 776 2630; x_wconf 89' lang='lat' dir='ltr'><strong>fide,</strong></span> <span class='ocrx_word' id='word_1_223' title='bbox 822 2571 941 2618; x_wconf 91' lang='lat' dir='ltr'><strong>inter</strong></span> <span class='ocrx_word' id='word_1_224' title='bbox 985 2571 1180 2620; x_wconf 91' lang='lat' dir='ltr'><strong>Batavos</strong></span> <span class='ocrx_word' id='word_1_225' title='bbox 1224 2586 1411 2637; x_wconf 88' lang='lat' dir='ltr'><strong>quoque</strong></span> <span class='ocrx_word' id='word_1_226' title='bbox 1465 2586 1700 2622; x_wconf 79' lang='lat' dir='ltr'><strong>sermones</strong></span> 
     </span>
     <span class='ocr_line' id='line_1_31' title="bbox 163 2642 1760 2714; baseline 0.006 -23"><span class='ocrx_word' id='word_1_227' title='bbox 163 2642 280 2692; x_wconf 83' lang='lat' dir='ltr'><strong>orti:</strong></span> <span class='ocrx_word' id='word_1_228' title='bbox 332 2650 365 2672; x_wconf 75' lang='lat'><strong>‘⁶</strong></span> <span class='ocrx_word' id='word_1_229' title='bbox 399 2646 511 2693; x_wconf 91' lang='lat' dir='ltr'><strong>Non</strong></span> <span class='ocrx_word' id='word_1_230' title='bbox 547 2647 889 2713; x_wconf 87' lang='lat' dir='ltr'><strong>prorogandam</strong></span> <span class='ocrx_word' id='word_1_231' title='bbox 928 2647 1048 2696; x_wconf 88' lang='lat' dir='ltr'><strong>ultra</strong></span> <span class='ocrx_word' id='word_1_232' title='bbox 1077 2647 1287 2696; x_wconf 86' lang='lat' dir='ltr'><strong>ruinam:</strong></span> <span class='ocrx_word' id='word_1_233' title='bbox 1339 2664 1424 2697; x_wconf 89' lang='lat' dir='ltr'><strong>nec</strong></span> <span class='ocrx_word' id='word_1_234' title='bbox 1469 2665 1601 2714; x_wconf 85' lang='lat' dir='ltr'><strong>posse</strong></span> <span class='ocrx_word' id='word_1_235' title='bbox 1639 2650 1698 2700; x_wconf 82' lang='lat' dir='ltr'><strong>ab</strong></span> <span class='ocrx_word' id='word_1_236' title='bbox 1753 2648 1760 2709; x_wconf 62' lang='grc' dir='ltr'><strong><em>ζ</em></strong></span> 
     </span>
    </p>
   </div>
   <div class='ocr_carea' id='block_1_5' title="bbox 1624 2718 1669 2825">
    <p class='ocr_par' dir='ltr' id='par_1_5' title="bbox 1624 2718 1669 2825">
     <span class='ocr_line' id='line_1_32' title="bbox 1624 2718 1669 2825; baseline 0 -30"><span class='ocrx_word' id='word_1_237' title='bbox 1624 2718 1669 2825; x_wconf 64' lang='lat' dir='ltr'><em>j</em></span> 
     </span>
    </p>
   </div>
   <div class='ocr_carea' id='block_1_6' title="bbox 164 2853 1695 2963">
    <p class='ocr_par' dir='ltr' id='par_1_6' title="bbox 164 2853 1695 2963">
     <span class='ocr_line' id='line_1_33' title="bbox 221 2853 1695 2911; baseline 0.004 -20"><span class='ocrx_word' id='word_1_238' title='bbox 221 2853 232 2870; x_wconf 86' lang='lat'><em>¹</em></span> <span class='ocrx_word' id='word_1_239' title='bbox 264 2853 408 2893; x_wconf 80' lang='lat' dir='ltr'><strong>Oceano</strong></span> <span class='ocrx_word' id='word_1_240' title='bbox 427 2855 616 2907; x_wconf 55' lang='lat' dir='ltr'><strong>adsitndit.</strong></span> <span class='ocrx_word' id='word_1_241' title='bbox 662 2856 762 2896; x_wconf 84' lang='lat' dir='ltr'><strong>Vide</strong></span> <span class='ocrx_word' id='word_1_242' title='bbox 781 2857 1486 2911; x_wconf 68' lang='lat' dir='ltr'><strong>supraDg&#39;fferebantm-.1n</strong></span> <span class='ocrx_word' id='word_1_243' title='bbox 1530 2858 1695 2898; x_wconf 73' lang='lat' dir='ltr'><strong>divexsas</strong></span> 
     </span>
     <span class='ocr_line' id='line_1_34' title="bbox 164 2907 1336 2963; baseline 0.004 -18"><span class='ocrx_word' id='word_1_244' title='bbox 164 2909 305 2946; x_wconf 69' lang='lat' dir='ltr'><strong>Annal.</strong></span> <span class='ocrx_word' id='word_1_245' title='bbox 329 2920 378 2947; x_wconf 76' lang='lat'><strong>11.</strong></span> <span class='ocrx_word' id='word_1_246' title='bbox 399 2907 435 2946; x_wconf 77' lang='lat'><strong>6.</strong></span> <span class='ocrx_word' id='word_1_247' title='bbox 962 2920 1087 2963; x_wconf 73' lang='lat' dir='ltr'><strong>partes</strong></span> <span class='ocrx_word' id='word_1_248' title='bbox 1107 2913 1336 2951; x_wconf 83' lang='lat' dir='ltr'><strong>ferebantur.</strong></span> 
     </span>
    </p>
   </div>
  </div>
 </body>
</html>
