1768 3198
166 121 244 181 4⁰⁸
571 117 735 157 NOTAE
766 117 836 157 ET
861 117 1310 159 EMENDATIONES

168 216 420 273 parentibus,
468 226 664 275 corrupta
702 226 810 272 sunt,
860 226 906 261 ut
945 218 1024 262 alia
1061 219 1190 263 multa
1222 220 1264 265 in
1299 221 1383 265 hfic
1421 222 1572 266 Gdboe
1606 223 1715 269 vm.-

169 291 346 335 ΠεῙσ-ωνα
366 292 549 351 Κράσσου
585 294 651 335 καὶ
686 292 910 352 Κςητίωνος,
941 293 1120 350 (corrige
1151 296 1426 354 Σκριβωνίας,)
1457 296 1621 356 ἔκγονον,
1643 296 1711 350 effi

171 368 357 418 Κλαύδιος
374 367 534 426 (Νέρων,
564 368 740 424 corrige)
759 367 943 427 ἀνῃρήκει.
961 418 963 420 ,

232 440 325 488 Quo
365 443 598 499 suspectior.
658 442 724 485 Ita
762 443 1028 496 Puteolanus,
1075 460 1124 486 ac
1163 443 1321 498 deinde,
1368 447 1510 500 ceteri,
1542 455 1712 505 ,prum

169 515 392 572 Ryekium‚
423 516 494 573 qui
528 517 551 559 ὲ
573 516 677 560 MS.
696 517 801 573 Agr.
830 525 871 560 et
900 517 1078 561 editione
1107 519 1308 576 principe,
1338 522 1578 575 emendavit,
1606 538 1711 581 qua.

171 592 243 635 Sic
262 591 385 633 etiam
403 590 557 633 habent
576 590 714 634 MSS.
738 591 847 648 Reg.
869 601 910 634 et
930 592 1052 636 Harl.
1093 594 1176 636 Sed
1194 593 1237 636 in
1272 594 1376 638 MS.
1409 595 1529 638 Harl.
1562 595 1711 654 posted

170 666 445 719 emendatum,
474 664 568 724 qud.

231 812 353 855 CAP.
388 818 455 856 15.
485 811 714 871 Egregium
734 819 838 855 erat.
898 812 1002 857 MS.
1024 812 1167 857 Guelf.
1201 826 1311 860 esset.
1369 817 1422 860 In
1454 817 1558 861 MS.
1585 815 1711 862 Harl.

172 887 371 940 additum,
401 894 504 941 erat,
535 886 671 944 prima
690 902 813 930 manu
831 887 1042 931 omissum.

208 966 211 968 ’
235 961 315 1006 Cn.
338 961 546 1020 Pompeii.
606 961 678 1004 Sic
698 962 994 1005 emendandum
1028 964 1186 1020 optime
1205 964 1364 1008 monuit
1398 965 1714 1011 Freinshemius.

172 1037 400 1094 Perper-am
446 1037 583 1079 MSS.
634 1044 676 1080 et
715 1045 871 1080 veteres
910 1037 1124 1093 editiones,
1172 1055 1283 1083 nunc
1321 1039 1531 1098 Pompeii.
1590 1041 1713 1087 Male

173 1111 404 1154 Beroaldus
422 1110 666 1163 emendavit,
696 1118 792 1155 tunc
814 1111 1020 1170 Pompeii.

233 1186 427 1244 Sulpicia
446 1202 495 1230 ac
517 1185 715 1230 Lutatiae.
747 1186 816 1230 Cl.
833 1187 1031 1235 Ernestus
1045 1187 1353 1233 vultalibrariis
1363 1187 1488 1233 fuisse
1499 1167 1712 1246 omissum,

169 1262 315 1320 gentis.
375 1262 436 1305 At
456 1261 625 1317 intelligi
645 1270 798 1318 potest,
818 1262 1063 1306 nobilitatis.
1588 1296 1590 1299 v

232 1335 347 1389 Non,
376 1337 490 1395 quia.
550 1335 704 1379 Mallet
739 1335 807 1380 Cl.
841 1337 1056 1392 ErnestuS,
1104 1354 1201 1393 non,
1244 1340 1583 1398 quim-„socios
1615 1339 1713 1384 belli

174 1410 373 1464 habeam5
402 1411 468 1454 vel
487 1427 584 1466 non,
614 1427 772 1471 quo···
789 1427 892 1455 ·non
911 1412 1097 1457 habeam.
1155 1414 1218 1458 At
1251 1413 1347 1458 ferri
1379 1423 1518 1472 potest
1548 1415 1714 1474 vulgata

171 1486 387 1543 scriptura.
1454 1499 1458 1503 '

233 1561 478 1606 Ambitione
496 1563 648 1620 accepi.
707 1561 811 1606 MS.
833 1562 962 1606 Corb.
983 1564 1129 1621 recepi.

231 1637 459 1695 Etjudicii
475 1638 567 1680 mei.
627 1637 764 1680 MSS.
780 1636 902 1680 Harl.
923 1637 1049 1681 Bodl.
1064 1639 1152 1683 Jes.
1172 1647 1214 1682 et
1234 1614 1471 1692 Rhenanus,
1499 1647 1545 1683 ut
1552 1638 1714 1699 judicu

174 1713 266 1755 mei.
327 1712 437 1755 Sed
428 1728 470 1754 1n
491 1712 627 1755 MSS.
648 1711 770 1761 Harl.
792 1712 918 1755 Bodl.
938 1715 1048 1757 recte
1069 1713 1214 1770 postea
1233 1716 1508 1766 emendatum,
1526 1721 1583 1758 et.

233 1788 319 1831 Sed
337 1795 376 1851 ef
396 1795 488 1830 tuce.
549 1787 688 1830 MSS.
710 1786 831 1830 Harl.
854 1787 978 1830 Bodl.
998 1789 1026 1832 J
1030 1803 1087 1831 es.
1106 1804 1154 1830 ac
1177 1788 1430 1832 Puteolanus
1451 1789 1712 1843 amiserae&

232 1864 409 1908 Animos
426 1861 655 1920 explorant.
713 1862 779 1904 Ita
799 1862 935 1906 MSS.
966 1862 1080 1906 Flor.
1113 1862 1242 1907 Corb.
1274 1863 1398 1907 editio
1431 1864 1641 1922 princeps,
1669 1872 1714 1909 et
1742 1871 1763 1894 ·'

170 1938 430 1982 recentiores.
489 1936 541 1980 In
561 1937 700 1980 MSS.
722 1936 844 1980 Harl.
867 1931 993 1980 Bodl.
1011 1938 1101 1982 Jes.
1121 1947 1163 1981 et
1184 1939 1448 1992 Puteolanus,
1483 1939 1683 1984 animum.
1720 1976 1725 1979 .
1744 1964 1753 1971 >

231 2015 321 2057 Per
340 2013 573 2071 obsequium
593 2013 847 2055 imminuent.
908 2011 1012 2056 MS.
1051 2013 1079 2056 J
1083 2029 1140 2056 es.
1176 2008 1248 2072 qui
1286 2012 1530 2071 obsequium.
1589 2003 1712 2061 Male
1741 2052 1748 2058 .

173 2091 411 2141 Rhenanus,
431 2087 511 2131 alii
529 2086 620 2130 licet
634 2102 714 2147 per
733 2087 967 2145 obsequium
985 2095 1191 2130 annuant.

231 2162 450 2220 Inrumpet
467 2162 669 2205 adulatio.
730 2162 847 2204 Bene
869 2161 971 2205 MS.
994 2161 1123 2205 Corb.
1150 2163 1275 2206 editio
1307 2163 1496 2221 princeps
1513 2171 1557 2207 et
1573 2178 1714 2208 recen-

171 2240 308 2283 tiores.
366 2237 419 2280 In
440 2237 577 2280 MSS.
598 2235 723 2280 Harl.
746 2236 871 2295 Bodl.
890 2236 918 2280 J
923 2252 965 2279 es
983 2246 1026 2279 et
1041 2237 1309 2290 Puteolanus,
1337 2237 1580 2312 irrumpent.

228 2396 350 2439 CAP.
375 2398 441 2440 15.
473 2395 694 2453 Depulere.
754 2395 859 2440 MS.
880 2395 1010 2439 Corb.
1031 2393 1246 2450 depulerit.

228 2470 297 2514 Ne
330 2478 467 2514 tamen
502 2470 683 2514 territus.
745 2471 863 2514 Bene
903 2469 1040 2513 MSS.
1079 2468 1186 2523 Reg.
1227 2466 1358 2510 Corb.
1396 2467 1541 2512 Guelf.
1583 2466 1711 2513 editio

166 2545 361 2603 princeps
381 2554 423 2588 et
440 2545 698 2589 recentiores.
747 2545 800 2589 In
820 2544 958 2589 MSS.
978 2542 1103 2587 Harl.
1126 2541 1252 2585 Bodl.
1270 2542 1360 2587 Jes.
1378 2550 1423 2585 et
1441 2541 1715 2596 Puteolanus,

164 2636 481 2739 nchtilissimus
515 2696 633 2740 idem.
666 2696 782 2739 Bene
803 2694 942 2738 MSS.
964 2692 1094 2737 Corb.
1117 2691 1242 2735 Bodl.
1264 2691 1374 2735 Bud.
1394 2692 1544 2750 quibus
1563 2691 1710 2737 suffra.-

166 2777 312 2826 gantur
331 2769 470 2814 MSS.
492 2771 600 2829 Reg.
616 2769 734 2815 Flor.
759 2778 802 2814 et
821 2768 947 2812 editio
967 2765 1284 2826 princeps.1n
1315 2766 1454 2811 MSS.
1474 2764 1599 2810 Harl.
1617 2765 1720 2813 Jes.
