1786 3204
72 171 178 211 με»,
198 166 264 215 69.
443 157 1024 204 HISTORIARUM÷L1BER
1051 156 1296 201 TERTIUS.
1547 165 1622 212 193

74 272 236 332 ceteri²
247 282 308 320 ut
340 268 508 334 cuique
529 264 787 354 ingenium,
821 263 1034 328 spoliare,
1068 281 1266 329 capere,
1282 272 1438 325 arma,
1455 271 1627 332 equos:

76 368 169 416 que
207 348 446 412 abripere:
483 356 528 394 et
562 343 700 392 exciti
734 353 957 407 prospero
994 342 1227 402 clamore,
1249 343 1331 452 qui
1363 345 1509 394 modo
1535 355 1624 411 per

75 443 214 532 agros
234 424 350 491 fuga
372 423 660 488 palabantur,
683 419 887 468 victoriae
911 436 960 467 se
982 419 1276 471 miscebant.

151 590 226 630 18.
262 583 355 630 An
372 579 617 651 quartum¹
643 594 671 624 a
692 574 928 624 Cremona
947 574 1164 639 lapidem,
1187 574 1362 626 fulsere
1381 577 1622 651 legionum

79 659 247 725 signa,
275 657 470 722 Rapacis
514 667 651 719 atque
691 652 898 711 Italicae‚²
942 653 1050 700 laeto
1094 651 1214 701 inter
1251 654 1375 703 initia
1414 656 1624 720 equitum

81 753 275 784 suorum
312 735 492 799 praelio,
536 733 646 780 illuc
692 747 840 794 usque
878 741 1110 794 provecta.
1180 732 1274 779 Sed
1319 732 1423 780 ubi
1436 732 1626 783 fortuna

82 825 244 863 contra
265 812 370 872 fuit,
393 828 490 859 non
513 811 668 858 laxare
690 809 908 867 ordines,³
932 812 1028 856 1'1011
1051 807 1256 872 recipere
1278 811 1504 870 turbatos,
1527 828 1628 861 non

80 891 265 938 obviam
299 890 385 949 ire,
408 889 624 951 ultroque
647 885 838 950 adgredi
868 885 1068 944 hostem,
1103 896 1281 934 tantum
1313 904 1397 951 per
1426 890 1629 952 spatium'

82 985 222 1016 cursu
266 979 312 1015 et
355 966 608 1031 pugnando
651 961 854 1010 fessum:
912 960 1034 1010 forte
1074 962 1219 1022 victi‚⁴
1262 964 1388 1012 haud
1433 966 1625 1029 perinde

83 1047 222 1096 rebus
265 1044 496 1109 prosperis
536 1043 704 1089 ducem
739 1040 1140 1099 desideraverant,⁵
1175 1053 1314 1106 atque
1342 1042 1392 1089 in
1424 1043 1627 1093 adversis

85 1124 242 1171 deesse
284 1121 612 1186 intelligebant.
704 1120 962 1174 Nutantem
1017 1119 1162 1168 aciem
1206 1125 1354 1168 victor
1381 1121 1630 1187 'equitatus

84 1200 314 1248 incursat:
357 1211 401 1247 et
441 1197 703 1262 Vipstanius
742 1197 959 1255 Messala,
1005 1197 1235 1257 tribunus,
1269 1208 1380 1251 cum
1419 1198 1628 1265 Moesicis

86 1277 381 1338 auxiliaribus
425 1275 709 1340 adsequitur,
754 1292 872 1340 quos
921 1274 1094 1329 militiae
1144 1274 1295 1341 gloria
1351 1275 1628 1341 legionariis,-

86 1371 368 1420 quamquam
411 1353 578 1418 raptim
623 1354 805 1413 ductos,
828 1355 1079 1417 oequabat.
1140 1355 1225 1402 >JIta
1249 1353 1450 1404 ‘mixtus'
1487 1355 1629 1418 pedes

87 1448 339 1498 equesque,
361 1447 528 1495 rupere
559 1430 801 1495 legionum
817 1446 999 1497 agmen.
1069 1432 1142 1480 Et
1152 1431 1417 1495 propinqua
1435 1432 1630 1480 Cremo

89 1509 300 1558 nensium
321 1508 519 1574 moenia,
535 1518 707 1572 quanto
741 1507 846 1572 plus
862 1508 969 1572 spei
983 1510 1047 1559 ad
1062 1509 1311 1575 effugium,
1324 1519 1467 1560 tanto
1483 1509 1631 1558 mino·

88 1602 192 1635 rem
209 1587 268 1635 ad
290 1585 594 1646 resistendum
616 1584 823 1661 animum
845 1584 1041 1638 dabant.
1085 1626 1087 1630 Α
1116 1602 1121 1607 “

130 1723 239 1804 19.
274 1744 324 1792 Ν
325 1759 388 1792 Ec
425 1743 658 1793 Antonius
693 1744 815 1794 ultra
846 1721 1024 1806 institit,
1046 1761 1228 1794 memor
1257 1743 1426 1797 laboris
1446 1760 1500 1792 ac
1532 1743 1634 1810 vul·-

21 1859 23 1861 .
93 1837 277 1880 nerum,
301 1821 467 1885 quibus
488 1833 583 1872 tam
605 1823 936 1886 ancepspraelii
957 1822 1161 1882 fortuna,
1185 1822 1394 1887 quamvis
1410 1837 1635 1886 prospero

94 1899 204 1957 fine,
235 1899 410 1963 equites
439 1916 676 1964 equosque
707 1900 1026 1949 adflictaverat.
1095 1902 1395 1953 Inumbrante
1425 1898 1636 1962 vespera,

94 1975 361 2024 universum
380 1975 582 2023 Flaviani
603 1977 837 2025 exercitus
859 1979 1006 2026 robur
1027 1978 1223 2026 advenit.
1294 1979 1457 2041 thue
1475 1992 1638 2025 cumu-

96 2053 166 2105 los
187 2049 362 2118 super-,⁶
392 2064 437 2101 et
469 2055 669 2103 recentia
697 2055 826 2104 caede
847 2056 1037 2122 vestigia
1056 2056 1299 2114 incessere,
1318 2053 1459 2118 ssquasi
1481 2053 1651 2102 debel⁴v

26 2151 29 2155 ¹
96 2130 241 2196 latum
262 2129 400 2190 foret,
437 2136 470 2158 “
491 2149 687 2197 pergere
713 2134 1013 2192 Cremonam,
1047 2144 1093 2182 et
1119 2133 1271 2188 victos
1285 2133 1333 2179 i'n
1356 2131 1638 2185 deditionem

97 2213 131 2236 “
165 2208 388 2273 accipere,
418 2220 497 2256 aut
531 2226 801 2275 expugnare
815 2212 848 2233 ''
885 2212 1156 2275 deposcunt.
1223 2211 1342 2259 Haec
1372 2209 1421 2255 in
1452 2207 1606 2256 medio
1620 2211 1638 2238 ⁷

96 2285 290 2350 pulchra
311 2286 452 2334 dictu.
511 2287 606 2335 >Illa
637 2288 722 2335 sibi
745 2288 969 2353 quisque:
1007 2293 1041 2316 “
1063 2289 1204 2336 Posse
1232 2285 1464 2335 coloniam
1497 2285 1638 2349 plano

156 2451 169 2469 ¹
206 2453 273 2492 Ad
319 2460 508 2505 quartum.
563 2457 624 2494 Ac
671 2456 831 2507 proinde
907 2462 1062 2496 111.18.

99 2519 219 2557 prope
261 2507 407 2568 locum,
442 2510 510 2559 qui
547 2520 651 2547 nune
686 2511 830 2549 dicitur
959 2510 974 2534 ⁵
1005 2512 1149 2550 Ducem
1170 2505 1486 2548 desidenmaverant
1515 2506 1640 2550 caeci-

101 2560 143 2598 5.
160 2560 372 2599 Amhmseo.
905 2577 1008 2610 nam,
1046 2565 1112 2604 cui
1149 2562 1324 2601 vincula
1333 2564 1572 2614 injecerant,
1595 2569 1640 2600 ut

156 2611 175 2629 ²
219 2614 385 2665 Rapaczs
413 2621 524 2667 atque
560 2615 723 2655 Italicoe.
773 2617 834 2655 De
906 2620 1072 2657 vidimus
1089 2630 1206 2668 supra
1224 2630 1310 2668 cap.
1334 2622 1397 2654 14.

101 2667 244 2718 quibus
228 2681 378 2718 ssupra
394 2670 494 2707 Hist.
516 2683 564 2708 11.
590 2676 677 2708 100.
959 2669 977 2690 ⁶
1006 2672 1178 2710 cumulos
1209 2683 1333 2721 super.
1363 2671 1487 2722 Super
1517 2681 1642 2707 armo-

110 2740 113 2743 ·
157 2717 172 2740 ³
202 2721 352 2760 Laxare
383 2725 544 2762 ordmes.
575 2724 627 2762 Ut
659 2726 831 2763 turbatos
908 2736 994 2765 rum
1013 2731 1297 2786 corporumque
1315 2724 1505 2763 cumulos.

103 2775 328 2825 reciperent.
962 2778 977 2801 ⁷
1008 2780 1161 2818 Haecin
1179 2779 1310 2816 medio
1344 2778 1453 2821 Haec,
1475 2776 1642 2827 pulch‘ra

156 2826 176 2848 ⁴
203 2828 347 2866 Forte>
332 2829 437 2867 victi.
459 2830 615 2878 Melius,
630 2833 833 2883 pugnando
911 2834 1033 2880 dictu,
1056 2834 1095 2870 in
1121 2832 1247 2869 medio
1270 2832 1543 2883 jactabantur:
1572 2830 1642 2892 illa
1683 2877 1686 2880 .

91 2881 246 2933 fessum
250 2882 353 2929 fort&
372 2884 531 2923 victuri.-
554 2885 652 2923 haud
664 2886 834 2936 perinde,
911 2888 998 2927 vero
1012 2886 1178 2938 quisque
1195 2886 1403 2924 sentiebat:

104 2939 180 2972 ἃς.
219 2936 319 2974 Vide
343 2946 421 2974 not.
439 2945 475 2975 tt
495 2939 642 2977 emend.
662 2939 710 2976 ad
732 2939 834 2978 Hist
883 2977 885 2979 .
