1760 3210
78 173 117 213 J.
135 173 181 212 C.
199 176 264 218 70.
414 167 800 208 HISTORIARUM
815 167 995 207 0L113ER
1022 168 1290 215 QUARTUS.
1545 171 1626 212 327

0 286 3 291 '
77 272 323 325 Convertit
339 271 447 320 inde
469 271 664 330 animos,
687 271 938 320 accitarum
954 270 982 319 ὲ
1000 266 1364 320 Mediomatricis
1385 270 1626 338 legionum

45 351 347 460 {miserabilis
390 355 613 414 aspectus.
683 349 872 396 Stabant
917 347 1194 397 conscientia
1231 347 1389 414 flagitii
1423 362 1624 410 moestae,

54 430 185 478 ,fixis
227 428 276 477 in
319 440 491 476 terram
534 426 694 475 oculis.
779 426 925 476 Nulla
963 427 1083 474 inter
1131 438 1350 475 coeuntes
1394 427 1625 477 exercitus

4 494 42 570 Ῡ
75 507 414 556 consalutatio:
477 521 631 568 neque
687 502 938 552 solantibus
999 504 1344 553 hortantibusve
1406 521 1626 571 responsa

76 585 266 642 dabant,
303 582 441 631 abditi
469 598 552 645 per
585 581 798 639 tentoria,
827 592 874 629 et
910 581 1063 629 lucem
1095 583 1241 646 ipsam
1278 583 1500 632 vitantes:
1535 601 1622 633 nec

10 646 18 695 2
76 662 271 727 ‘perinde
314 659 574 724 periculum
613 669 695 706 aut
727 670 895 717 metus,
941 657 1085 728 quam
1124 660 1278 723 pudor
1321 677 1375 708 ac
1420 662 1623 711 dedecus

0 765 14 835 k
80 737 480 803 obstupefecerat3
518 736 717 784 attonitis
748 736 884 783 etiam
917 736 1184 796 victoribus,
1220 737 1301 801 qui
1322 755 1486 787 vocem
1519 757 1624 804 pre-

7 818 14 833 *
79 834 249 881 cesque
299 815 517 864 adhibere
542 821 658 861 'non
702 814 816 873 ausi,
858 815 1072 879 lacrymis
1114 831 1169 863 ac
1213 815 1391 863 silentio
1441 818 1624 867 veniam

73 895 357 965 poscebant:
394 893 543 943 donec
580 891 781 942 Cerialis
806 893 1033 940 mulceret
1067 892 1261 952 animos,
1295 898 1329 922 “
1352 891 1448 942 fato
1470 906 1571 944 acta
1587 897 1623 918 ”

80 971 306 1030 dictitans,
343 975 377 999 ‘⁶
402 979 508 1034 qu'ae
527 970 740 1021 ,militum
774 971 1041 1035 ducumque
1072 971 1319 1030 discordia,
1350 972 1424 1020 vel
1459 971 1624 1023 fraude

79 1055 116 1079 “
150 1049 352 1099 hostium
403 1047 671 1102 evenissent.
752 1049 963 1097 Primum
1007 1050 1140 1097 illum
1175 1049 1535 1114 ¹stipendiorum*
1577 1063 1624 1100 et

64 1132 115 1169 ,“
149 1126 420 1175 sacramenti
459 1125 582 1173 diem
626 1126 880 1173 haberent:
917 1127 1127 1190 priorum
1170 1125 1430 1175 facinorum
1467 1145 1622 1194 neque

80 1209 115 1234 ‘⁶
149 1206 498 1268 Imperatorem,
534 1219 687 1267 neque
727 1220 776 1250 se
810 1203 1122 1251 meminisse.''
1192 1205 1329 1253 Tunc
1369 1206 1541 1270 recepti
1573 1207 1623 1255 in

80 1283 243 1330 eadem
267 1292 442 1340 castra,
480 1292 525 1328 et
547 1281 750 1328 edictum
772 1298 856 1345 per
878 1281 1155 1345 manipulos,
1189 1297 1249 1329 ne
1279 1282 1382 1346 quis
1407 1282 1456 1330 in
1477 1296 1622 1332 certa-

81 1359 205 1407 mine
237 1359 450 1424 jurgiove
485 1357 754 1412 seditionem
782 1369 873 1413 ‚aut
912 1359 1092 1413 cladem
1129 1358 1431 1411 commilitoni
1468 1362 1621 1429 objec-

81 1448 212 1490 taret·

85 1648 87 1653 Α
149 1602 229 1646 73;
264 1596 396 1643 Mox
420 1598 650 1645 Treveros
682 1613 735 1645 ac
758 1596 1009 1663 Lingonas,
1043 1598 1101 1645 ad
1124 1597 1396 1646 concionem
1417 1609 1621 1658 vocatos,

72 1671 144 1719 *ita
166 1673 459 1748 adlpquitur:
497 1679 538 1725 “.
564 1675 734 1739 Neque
756 1680 846 1740 ego'
869 1691 1091 1739 umquam
1113 1673 1621 1736 facundiam'exercui3

70 1755 117 1788 =“
150 1762 196 1797 et
229 1750 389 1814 populi
422 1751 624 1800 Romani
645 1752 863 1801 virtutem
885 1753 1023 1800 armis
1055 1753 1328 1808 adfinnavi.¹
1397 1754 1501 1801 Sed·
1514 1753 1624 1818 quia

70 1832 116 1882 z‘s‘
149 1830 273 1891 apud
294 1845 378 1879 vos
406 1830 546 1879 verba
578 1830 838 1894 plurimum
860 1831 1030 1890 valent,
1063 1832 1351 1895 bonaqueac
1375 1831 1494 1898 mala
1524 1847 1623 1880 non

80 1910 114 1933 “
148 1922 234 1953 sua
255 1905 438 1965 natura,
461 1908 541 1954 sed
564 1908 756 1957 vocibus
788 1909 1111 1957 seditiosorum
1134 1908 1450 1969 aestimantur3
1486 1908 1623 1956 statui

81 1987 115 2012 “
149 1999 296 2046 pauca
327 1983 566 2043 disserere,
598 1986 722 2049 quae,
757 1986 999 2052 profligato
1032 1986 1175 2045 bello,
1214 1985 1370 2034 utilius
1403 1985 1459 2033 sit
1491 1985 1622 2037 vobis

79 2064 115 2087 “
148 2058 347 2119 audisse,
392 2078 536 2125 quam
579 2063 712 2111 nobis
756 2064 938 2112 dixisse.
1007 2066 1205 2112 Terram
1242 2074 1458 2123 vestram,
1503 2074 1623 2111 cete-

80 2140 115 2164 “
147 2153 403 2202 rorumque
428 2139 731 2199 Gallorum,
718 2141 910 2206 mgressi
935 2153 1044 2189 sunt
1067 2142 1209 2189 duces
1231 2140 1622 2205 imperatoresque

80 2217 115 2242 “
152 2214 371 2273 Romani,
415 2215 545 2263 nulla
590 2218 821 2281 cupidine,
866 2219 948 2267 sed
994 2219 1242 2286 majoribus
1290 2217 1451 2266 vestris
1493 2217 1622 2266 invo-

81 2294 116 2318 “
150 2291 375 2350 cantibus,
399 2310 515 2357 quos
539 2293 778 2343 discordiae
803 2313 949 2360 usque
967 2297 1025 2344 ad
1047 2295 1240 2344 exitium
1262 2293 1539 2360 fatigabant:
1576 2306 1624 2344 et

81 2372 116 2396 “
150 2368 281 2417 acciti
296 2370 468 2417 auxilio
487 2371 731 2430 Germani,
755 2372 887 2421 sociis
908 2373 1078 2436 pariter
1099 2384 1238 2436 atque
1255 2372 1462 2420 hostibus
1483 2372 1623 2420 servi-

79 2450 114 2473 “
149 2456 296 2493 tutem
338 2446 664 2511 imposuerant.
737 2451 868 2515 Quot
923 2449 1090 2513 praeliis
1135 2450 1358 2498 adversus
1405 2448 1622 2499 Cimbros

70 2527 114 2567 v“
147 2523 516 2590 Teutonosque,²
539 2526 720 2590 quantis
750 2527 1042 2577 exercituum
1072 2539 1341 2576 nostrorum
1370 2526 1621 2587 laboribus,

140 2677 153 2695 ¹
171 2679 302 2719 Armis
317 2681 528 2730 adfirmavi.
543 2682 688 2721 Eodem
707 2695 816 2725 sensu
886 2696 953 2721 nos
971 2683 1058 2722 vide
1076 2683 1271 2722 Velleium
1288 2683 1551 2730 Paterculum,
1570 2695 1620 2721 11.

86 2732 227 2777 Livius,
268 2746 433 2773 xxvul.
468 2740 534 2778 27.
595 2736 686 2774 Non
722 2736 818 2786 qubd
889 2741 911 2774 8
944 2743 982 2774 et
1013 2741 1075 2775 12.
1121 2737 1374 2776 Plutarchum
1408 2737 1446 2774 in
1477 2737 1621 2783 Mario,

83 2787 196 2824 verba
212 2800 381 2839 umquam
392 2789 536 2840 potitis,
550 2790 659 2840 qudm
679 2803 740 2828 res
759 2803 819 2827 ex·
888 2794 970 2835 419
1002 2798 1041 2829 et
1070 2803 1168 2840 seq„
1187 2791 1328 2830 Paucis
1356 2797 1394 2828 et
1430 2790 1621 2841 ingeniose

70 2841 280 2886 vercuerim.
889 2843 952 2882 Cl.
981 2844 1429 2890 Mallet‚1n‘tr0duction
1447 2845 1471 2882 ὰ
1500 2844 1624 2882 I’His-

139 2889 159 2908 ²
187 2892 353 2933 Cimbros
374 2895 645 2947 Teutonosqne.
684 2897 745 2934 De
762 2893 822 2934 his
889 2898 987 2938 τοίγε
1005 2898 1050 2937 de
1069 2898 1326 2946 Danemar-,ck
1351 2911 1390 2950 p.
1410 2903 1458 2937 13
1473 2906 1512 2936 et
1527 2910 1604 2947 seq.

84 2946 194 2987 bellis
221 2947 400 2988 adversus
417 2949 595 2988 Cimbros
612 2956 651 2988 ct
677 2950 823 2989 'leuto-
