1760 3210
109 95 118 113 Χ

68 181 107 221 s.
125 161 273 223 oro.
409 167 795 215 HISTORIARUM
825 164 987 210 unna
1017 167 1291 217 QUARTUS.
1532 172 1609 210 331

0 334 2 337 .
71 296 119 324 “'
140 275 425 356 famemque,
442 304 444 306 ·
463 305 518 336 ac
561 286 727 334 totiens
754 281 912 346 'captis
955 280 1208 345 precariam
1250 280 1393 329 vitam
1410 296 1613 346 :neque

34 472 40 478 ·
66 453 111 481 ‘⁵
139 458 270 494 turos
292 461 436 502 arma,
458 442 539 507 ubi
561 451 711 488 metus
725 435 1005 486 abscesserit.

69 374 106 401 ‘⁸
131 371 387 427 Treveros,
407 377 488 415 aut
510 363 774 429 Lingonas¹
797 358 1115 408 benevolentia
1145 358 1367 406 contineri
1385 375 1400 406 t
1435 375 1612 407 resum-

1010 436 1041 456 ''
1097 435 1298 483 Diremit
1313 435 1613 487 consiliorum

67 523 394 581 diversitatem,
416 517 667 584 approbata
689 515 878 564 Tutoris
908 512 1148 571 sententia,
1173 512 1420 572 Classicus,
1439 514 1610 599 statim,

70 617 164 667 que
186 610 518 665 exsequuntur.
1098 609 1105 612 -
1291 612 1294 618 -
1539 609 1541 614 ·

78 759 106 781 ’·
138 756 439 809 77.‡M131>‚1A
485 753 603 802 acies
638 750 774 800 Ubiis
813 747 1223 814 Lingonibusque²
1262 747 1393 794 data:
1440 747 1608 796 dextro

68 850 217 882 cornu
240 833 455 881 cohortes
479 833 784 889 Batavorum3
811 827 989 875 sinistro
1014 824 1226 874 Bructeri
1248 824 1609 889 Tencteriquez³

69 928 176 975 pars
198 910 463 968 montibus3
500 908 586 966 alii,
625 907 746 954 viam
779 906 897 952 inter
919 902 1258 967 Mosellamque
1280 901 1492 959 flumen,4
1513 913 1609 949 tam

70 987 304 1052 improvisi
325 986 569 1044 adsiluere,
587 996 638 1032 ut
656 984 708 1031 'in
730 981 944 1031 cubiculo
962 997 1012 1028 ac
1030 979 1200 1027 lectulo
1218 979 1416 1028 ¹Cerialis
1433 980 1609 1043 (neque

71 1065 196 1113 enim
217 1075 403 1112 noctem
423 1063 473 1110 in
495 1061 651 1110 castris
673 1059 853 1126 egerat)
874 1057 1070 1123 pugnari
1092 1055 1246 1114 simul,
1266 1055 1481 1119 vincique
1500 1068 1611 1104 suos

70 1141 280 1200 audierit,
317 1140 556 1203 increpans
590 1153 811 1202 pavorem
849 1133 1177 1192 nuntiantium,
1211 1133 1361 1199 donec
1377 1149 1379 1151 ’
1397 1132 1610 1181 universa

72 1218 226 1267 clades
242 1217 290 1265 in
304 1217 452 1265 oculis
468 1215 569 1263 fuit.
625 1216 852 1276 Perrupta
868 1211 1105 1277 legionum
1122 1208 1392 1267 castra‚‘fusi
1407 1210 1609 1274 equites:
1650 1214 1655 1221 '

72 1296 252 1343 medius
291 1294 504 1342 Mosellae
543 1309 677 1357 pons,
714 1292 793 1356 qui
829 1290 1047 1338 ulteriora
1077 1287 1273 1337 coloniae
1306 1287 1521 1347 adnectit,
1529 1311 1537 1316 v·
1550 1289 1614 1336 ab

73 1372 281 1420 hostibus
315 1371 527 1419 insaesus.
599 1369 807 1427 Cerialis,
851 1366 1045 1416 turbidis
1083 1367 1223 1432 rebus
1260 1365 1612 1428 intrepidus‚,‘et

14 1449 16 1454 ’
72 1448 301 1514 fugientes
337 1455 476 1516 manu
512 1446 767 1504 retrahens,
804 1445 975 1492 intecto
1013 1459 1210 1507 corpore
1239 1453 1451 1507 promtus
1491 1442 1613 1490 inter

72 1527 194 1584 tela,
214 1525 338 1596 felici
370 1525 641 1593 temeritate,
675 1535 746 1572 et
743 1522 988 1571 fortissimi
1010 1523 1246 1586 cujusque
1255 1536 1466 1578 accursu,
1499 1516 1612 1567 reci*-

73 1590 287 1667 peratum
327 1614 520 1666 pontem
565 1601 710 1650 electa
755 1617 896 1667 manu
940 1599 1152 1647 firmavit.
1220 1599 1342 1646 Mox
1380 1597 1430 1644 in
1466 1607 1614 1645 castra

73 1689 302 1738 reversus,
343 1680 546 1743 palantes
582 1690 818 1742 captarum
857 1678 980 1740 apud
1014 1674 1271 1724 Novesium
1306 1675 1615 1741 Bonnamque

75 1757 315 1821 legionum
336 1756 611 1820 manipulos,
635 1767 680 1803 et
701 1772 858 1802 rarum
876 1754 999 1817 apud
1021 1753 1150 1818 signa
1168 1742 1381 1809 militem,
1397 1766 1450 1798 ac
1466 1767 1615 1815 prope

76 1834 409 1899 circumventas
425 1833 598 1898 aquilas
618 1834 756 1882 videt.
788 1835 1022 1880 'Incensus
1038 1830 1125 1889 ira,
1148 1834 1182 1857 ‘⁶
1199 1844 1295 1876 non
1316 1827 1614 1887 Flaccum,'''

27 1940 35 1949 ,
74 1910 239 1977 inquit,
261 1916 296 1940 ‘⁶
313 1923 409 1959 non
431 1911 660 2000 Voculam
682 1911 901 1981 deseritis·
958 1909 1103 1959 Nulla
1119 1907 1196 1956 hic
1214 1905 1436 1973 proditio:
1461 1897 1614 1970 neque

132 2086 147 2105 ¹
190 2088 270 2126 Ant
319 2089 520 2141 lingonas.
563 2090 716 2129 Treveri
761 2103 806 2127 ac
878 2089 943 2128 nia
972 2091 1104 2139 patent
1136 2099 1182 2123 ex
1213 2083 1295 2135 ipsa
1324 2083 1450 2122 Taciti
1484 2095 1614 2120 narra·

78 2141 265 2191 Lingones
281 2155 388 2180 arma
416 2145 680 2193 deposuerant,
709 2151 809 2194 post·
881 2144 994 2180 tione.
1061 2141 1139 2178 Via
1166 2139 1242 2176 -illa
1276 2138 1392 2176 unica
1424 2143 1493 2182 est,
1525 2148 1614 2186 quae

76 2208 196 2247 quam
229 2209 291 2233 eos
319 2198 524 2235 adlocutus
551 2207 606 2235 (st
638 2198 809 2243 Ceiialis,
883 2194 1035 2234 colonia
1099 2195 1361 2236 umerorum,
1421 2191 1614 2229 coloniam

79 2254 124 2285 ut
141 2249 303 2287 vidimus
319 2264 405 2302 cap.
426 2255 490 2295 73.
886 2249 1148 2299 Ag1ippinam,
1206 2245 1409 2296 Cologne„
1433 2244 1614 2283 ducebat.

133 2299 152 2318 ²
179 2301 492 2354 Lingonibusque.
522 2304 603 2349 Qui
623 2305 661 2342 in
678 2303 811 2341 Civilis
883 2304 1020 2340 Cama
1040 2303 1212 2339 Romana
1231 2282 1420 2336 evidente-i·
1439 2305 1546 2335 erant
1572 2298 1613 2335 in

79 2356 252 2393 exercitu
270 2356 501 2409 militabant,
520 2371 589 2396 nec
605 2359 651 2395 ad
673 2359 813 2395 Roma·
883 2355 1033 2394 sinistra
1060 2353 1144 2404 ripa
1168 2353 1353 2397 Mosellae,
1381 2365 1499 2404 prope
1519 2351 1615 2397 ulne-

83 2421 219 2446 norum
238 2406 364 2459 partes
383 2412 584 2449 redierant.

131 2456 150 2481 ³
179 2463 360 2501 Bructeri
380 2464 638 2515 Tenctetique.
677 2464 732 2502 Ut
752 2477 813 2502 su—

80 2528 154 2567 pra.
167 2528 256 2574 cap.
275 2521 342 2554 21.

135 2566 174 2589 ⁴
187 2569 294 2607 Viam
323 2570 423 2607 inter
450 2570 719 2621 Mosellamque
731 2572 814 2620 fln-

81 2634 175 2660 men.
222 2623 345 2661 Miror
388 2625 437 2660 ab
473 2625 624 2663 erudito
670 2623 814 2662 Savilio

81 2677 255 2713 accusari
284 2677 479 2724 Tacitum,
511 2676 616 2728 q'uod
644 2675 711 2715 hic
739 2690 813 2714 non

82 2738 122 2765 se
157 2730 390 2768 exactiorem
426 2729 643 2784 pra—stiterit
682 2731 816 2769 choro·

82 2783 285 2833 graphum,
339 2797 410 2821 nec
454 2785 678 2835 expresserit
729 2797 814 2834 quae

83 2842 179 2872 esset
195 2836 277 2874 haec
295 2837 370 2882 via,
388 2850 475 2887 quae
502 2838 607 2877 fluvii
633 2851 719 2889 pars
738 2838 814 2875 Ro-

83 2890 205 2926 manis
222 2891 356 2929 castris
384 2896 589 2937 teneretur,
604 2905 691 2942 quae
720 2891 817 2929 ratio

81 2941 178 2980 situs
195 2944 323 2994 quoad
353 2946 500 2983 urbem.
555 2947 611 2983 At
639 2945 721 2984 haec
739 2957 819 2982 om-

883 2411 1019 2447 rimem
1056 2409 1160 2445 urbis
1204 2412 1364 2457 partem,
1407 2418 1493 2455 quae
1525 2412 1616 2444 erat

884 2475 1040 2514 quoquc
1066 2461 1103 2498 in
1132 2459 1284 2498 sinistra
1311 2458 1485 2497 Mosellae
1514 2457 1614 2519 ripa..

888 2518 940 2554 Pa
919 2529 978 2554 ars
1014 2523 1142 2554 autem
1185 2513 1254 2551 illa
1295 2511 1454 2551 ulterior
1486 2511 1613 2550 medio

890 2570 1060 2607 Mosellae
1095 2575 1208 2620 ponte
1243 2558 1518 2605 adnectebatur
1551 2578 1615 2605 co·

885 2623 996 2664 loniae
1012 2623 1282 2666 Trevermum,
1312 2632 1397 2670 quae
1421 2627 1529 2666 tunc,
1554 2616 1618 2658 uti

886 2689 1002 2721 nunc,
1021 2683 1102 2714 emt
1119 2675 1158 2713 in
1173 2674 1308 2712 dextra
1327 2673 1500 2711 Mosellae
1518 2672 1616 2725 ripa.

889 2731 978 2767 Non
991 2730 1119 2781 potuit
1132 2728 1222 2779 ergo
1237 2727 1395 2766 Tacitus
1409 2739 1486 2765 esse
1499 2739 1619 2765 accu-

887 2792 1015 2821 ratior.

942 2836 955 2857 ⁵
988 2837 1081 2875 Non
1119 2835 1326 2874 Flaccum.v
1352 2831 1617 2873 Hordeonium

890 2890 1074 2928 Flaccum
1101 2897 1140 2927 et
1160 2888 1328 2927 Dillium
1346 2887 1554 2936 Voculam,
1572 2886 1619 2926 de

889 2945 1031 2995 quibus
1050 2955 1148 2994 saepe
1166 2954 1294 2995 supi-aa
