1760 3210
53 175 92 215 J·
111 175 158 214 C.
176 177 242 220 70.
389 166 781 210 HISTORIARUM
811 164 976 207 LIBER
1004 169 1276 216 QUARTUS.
1514 178 1595 220 317

55 277 197 328 Pauci
222 274 556 325 'centurionum
593 272 980 336 tribunorumque
1012 272 1062 320 in
1103 271 1258 322 Gallia
1280 271 1422 339 geniti
1454 291 1599 326 reser-

57 365 244 413 vantur,
279 353 446 418 pignus
468 347 735 400 societatis?
782 350 1093 408 ›Cohortium,
1117 351 1311 409 alarum,
1342 351 1598 418 legionum,

57 428 251 481 hiberna
294 424 512 479 subversa
562 441 854 492 cremataque
870 445 901 475 ε.
931 428 985 476 iis
1027 429 1226 477 tantfi‘m«
1255 429 1440 488 relictis,
1490 448 1598 496 quae

59 507 365 574 Mogontiaci,
385 524 438 556 ac
463 505 752 556 Vindonissae
773 509 784 528 ¹
807 506 903 555 vsita
923 509 1065 556 sunt.²

81 691 86 697 ·
126 670 210 712 62.
231 662 409 712 ›Lat-,10
449 663 791 722 sextadecima?
823 678 931 712 cum
971 662 1149 733 auxiliis
1187 662 1322 712 simul
1358 662 1538 724 deditis,
1572 664 1618 715 εἴ

60 741 286 790 Novesio'
309 741 358 788 in
418 741 646 789 coloniam
690 739 1038 789 Treverorum⁴
1091 741 1345 806 transgredi
1393 743 1602 806 jubetur,

61 817 289 883 praefinita
311 817 402 877 die,
433 818 556 866 intra
589 817 908 883 quamcastris
931 820 1189 866 excederet.
1225 817 1439 866 Medium
1461 836 1602 868 omne

62 905 262 960 tempus,
305 911 390 962 per
426 896 572 944 varias
616 912 749 944 curas
793 895 965 960 egere:
1018 895 1336 960 ignavissimus
1388 896 1617 961 quisque,-

64 984 293 1022 caesorum
331 973 455 1036 apud
495 974 664 1021 Vetera
702 973 936 1035 exemplo,
981 984 1226 1036 paventes3
1277 972 1441 1021 melior
1478 990 1602 1038 pars,

62 1051 236 1099 rubore
279 1061 324 1098 et
362 1049 568 1110 infamia,
592 1055 626 1078 “
660 1050 797 1115 quale
830 1050 945 1097 illud
980 1050 1083 1109 iter,
1120 1050 1223 1115 quis
1259 1051 1358 1098 dux
1394 1051 1513 1099 viae?
1558 1064 1604 1099 et

65 1132 106 1162 “v
133 1126 288 1175 omnia
315 1126 363 1174 in
396 1128 584 1176 arbitrio
623 1145 805 1187 eorum,
842 1145 960 1193 quos
995 1128 1100 1177 vitae
1135 1128 1352 1192 necisque
1391 1127 1605 1177 dominos

65 1208 105 1240 ‘-‘-
133 1203 395 1252 fecissent.”
465 1206 579 1264 Alii,
610 1204 740 1253 nulla
776 1205 1013 1253 dedecoris
1058 1204 1188 1263 cura,
1231 1204 1491 1268 pecuniam,
1526 1217 1606 1254 aut

16 1280 19 1281 ⁷
65 1281 294 1330 carissima
330 1282 592 1347 sibimetipsi
636 1277 950 1337 circumdare:
987 1282 1174 1347 quidam
1209 1281 1427 1346 expedire
1459 1299 1606 1343 arma,

63 1358 258 1424 telisque
301 1371 536 1425 tamquam
574 1360 622 1408 in
643 1361 805 1415 ‚aciem
849 1360 1040 1425 accingi.
1096 1361 1226 1408 *Haec
1265 1359 1606 1420 meditantibus,

64 1436 248 1484 advenit
285 1437 603 1501 proficiscendi
642 1438 774 1496 hora,
809 1437 1123 1502 expectatione
1158 1436 1341 1484 tristior.
1418 1437 1617 1501 Quippe-

63 1511 186 1560 intra
218 1514 413 1572 vallum,
452 1513 718 1562 deformitas
762 1515 887 1562 haud
926 1514 1116 1578 perinde
1148 1514 1389 1562 notabilis:
1433 1514 1608 1563 detexit

65 1586 363 1678 ignominiam
393 1586 599 1655 campus,
623 1603 668 1639 et
690 1592 800 1640 dies.
872 1592 1090 1639 Revulsae
1122 1592 1458 1655 Imperatorum
1495 1591 1607 1639 ima-

64 1668 211 1732 gines,
245 1667 472 1715 inhonora
486 1671 499 1696 ⁵
552 1667 709 1734 signa,
737 1667 1021 1734 fulgentibus
1066 1668 1173 1717 hinc
1207 1669 1315 1716 inde
1355 1669 1615 1717 Gallorum.

63 1739 268 1792 vexillis:
317 1744 454 1792 silens
492 1761 678 1810 agmen,
712 1757 757 1793 et
795 1746 923 1793 velut
960 1747 1114 1810 longae
1158 1745 1404 1811 exsequiae.
1483 1747 1604 1794 Dux

65 1821 288 1870 Claudius
326 1823 538 1881 Sanctus,
573 1822 738 1871 effosso
773 1825 929 1882 oculo,
964 1824 1091 1872 dirus
1125 1840 1224 1882 ore,
1264 1822 1450 1888 ingenio
1479 1823 1605 1871 debi-

65 1897 168 1946 lior.
192 1932 198 1936 -
234 1899 513 1963 Duplicatur
529 1899 770 1966 flagitium,
791 1900 1056 1965 postquam,
1072 1900 1261 1969 desertis
1283 1900 1606 1948 Bonnensibus

67 1971 262 2034 castris?
297 1976 439 2024 altera
481 1994 530 2025 se
560 1977 682 2043 legio
721 1977 978 2026 miscuerat.
1047 1979 1109 2025 Et
1145 1976 1333 2043 vulgata
1368 1988 1605 2042 captarum

69 2052 307 2117 legionum
327 2052 470 2112 fama,
489 2054 660 2113 cuncti,
684 2054 763 2119 qui
797 2055 936 2119 paulo
958 2054 1064 2102 ante
1090 2055 1413 2103 Romanorum
1433 2071 1608 2103 nornen

67 2128 335 2188 horrebant,
389 2143 712 2194 procurrentes
757 2149 818 2180 ex
862 2132 992 2197 agris·
1029 2132 1266 2196 tectisque,
1311 2143 1356 2180 et
1401 2133 1607 2197 undique

69 2205 230 2265 effusi,
257 2207 438 2255 insolito
468 2210 728 2272 spectaculo
767 2210 962 2257 nimium
1000 2208 1287 2256 fruebantur.
1356 2211 1470 2258 Non
1503 2210 1609 2257 tulit

69 2282 140 2330 ala
161 2283 394 2332 Picentina
410 2288 425 2314 ⁷
459 2286 680 2351 gaudium
702 2286 957 2335 insultantis
978 2286 1106 2351 vulgi
1127 2306 1141 2345 ;
1177 2287 1429 2350 spretisque
1454 2287 1608 2335 Sancti

69 2359 320 2424 promissiS,
354 2372 432 2416 aut
455 2361 606 2422 mini8,
629 2363 983 2432 Mogontiacum
1017 2364 1215 2410 abeunt:
1251 2380 1304 2411 ac
1326 2362 1447 2411 forte
1471 2363 1609 2411 obvio

126 2491 140 2509 ¹
163 2493 221 2532 Ac
237 2493 476 2532 Vinclonissoe.
497 2495 803 2546 Mogontiacum,
887 2492 892 2494 ’
930 2495 943 2516 ⁵
973 2496 1179 2534 Inhonora.
1220 2497 1271 2533 Et
1301 2497 1469 2535 incomta
1490 2498 1609 2548 signas

70 2559 178 2584 nunc
214 2547 346 2585 Mentz
357 2563 372 2591 ,·
410 2549 651 2594 Vindonissa,
700 2562 802 2589 nunc
877 2550 976 2587 Vide
993 2550 1135 2587 Annal.
1158 2562 1224 2587 111.
1243 2555 1282 2588 2.

76 2600 280 2644 Windisch‚
292 2601 330 2637 in
349 2601 410 2638 the
427 2608 562 2640 canton
581 2603 628 2652 (ff
640 2602 775 2641 Berne.
932 2599 949 2620 ⁶
988 2603 1242 2641 Bonnensibus
1272 2602 1421 2642 castris.
1491 2603 1610 2640 Nunc

125 2650 145 2669 ²
171 2653 257 2691 Sita
273 2659 374 2691 sunt.
408 2655 438 2691 l
443 2663 457 2692 t
473 2668 498 2692 a
518 2657 699 2694 Romanis
719 2657 805 2709 reti·
881 2657 987 2695 Romu
1001 2672 1016 2701 ‚·
1054 2657 1120 2702 ubi
1151 2666 1274 2695 castra
1293 2657 1422 2707 prima:
1442 2656 1613 2707 legionis.

73 2707 286 2753 ᾑώαηωη
314 2717 358 2745 ut
376 2708 586 2747 videbimus
603 2710 700 2748 infra
717 2706 806 2762 cap.
880 2711 981 2748 Vide
996 2722 1113 2760 supra
1129 2722 1215 2761 cap.
1239 2714 1300 2756 19.

76 2764 142 2805 70·
935 2761 949 2783 ⁷
979 2763 1057 2800 Ala
1075 2763 1285 2802 Picentina.
1331 2764 1366 2801 A
1394 2761 1614 2806 Picentinis,

128 2808 144 2833 ³
173 2812 291 2866 Legio
314 2816 571 2854 sextadecima.
629 2817 691 2854 De
727 2815 807 2867 qud
880 2817 993 2855 hodie
1006 2822 1097 2867 part
1115 2817 1164 2869 qf
1184 2818 1305 2857 Terra
1324 2817 1363 2856 di
1379 2816 1542 2863 Lat-oro,
1562 2815 1617 2852 ita.

0 2899 2 2923 ᾗ
72 2878 191 2915 supra
210 2879 295 2917 cap
317 2866 1087 2923 26.appe11ata.

125 2916 146 2940 ⁴*
170 2919 431 2960 Tremor-um
462 2922 579 2961 Nunc
600 2923 753 2964 Treves.
