1786 3204
64 175 108 218 J.
126 175 174 215 c.
191 171 258 221 69.
1537 177 1617 220 249

69 284 107 312 ‘⁴
139 291 210 327 tot
258 277 427 344 praeliis
490 275 659 326 laboris
712 292 766 324 ac
809 273 1002 340 periculi
1039 273 1331 334 hausissent,·
1357 291 1498 340 opere
1535 275 1617 325 illo
1680 264 1685 268 ‚

70 363 106 388 “
138 355 485 406 consummari”
508 354 805 403 clamitantes,
875 354 909 380 “
932 353 1118 401 Urbem
1149 351 1325 400 senatui
1360 369 1412 400 ac
1439 354 1615 418 populo

61 440 107 464 ·“
143 435 379 493 Romano,
396 432 569 497 templa
581 431 685 479 Diis
699 429 904 486 reddita:
930 429 1171 493 proprium
1188 446 1287 478 esse
1302 429 1456 478 militis
1474 431 1616 480 decus

65 518 105 549 -‹“
138 512 187 559 in
210 511 383 571 castris,
415 510 543 558 illam
563 509 776 573 patriam,
809 508 914 555 illos
949 518 1166 571 penates:
1202 507 1250 555 ni
1281 507 1432 557 statim
1453 507 1615 573 recipi·

66 595 106 623 ⁵⁶
138 601 293 648 antur,
331 599 518 637 noctem
552 588 601 635 in
634 586 773 635 armis
806 586 1084 651 agendam.''
1159 587 1336 634 Contra
1366 585 1614 645 Vitelliani,

68 683 354 732 quamquam
388 682 585 714 numero
621 664 808 730 fatoque
831 653 1327 728 dispareffiinquietare
1356 662 1614 723 victoriam,

66 745 239 792 morari
275 761 455 808 pacem,
488 744 654 791 domos
692 759 884 806 arasque
929 757 1094 789 cruore
1133 738 1343 787 foedare:
1399 757 1630 804 suprema-

70 821 199 870 victis
237 821 395 869 solatia
438 818 849 884 amplectebantur.
934 817 1077 865 Multi
1116 816 1423 876 semianimes,
1474 835 1616 883 super

70 910 222 947 turres
243 909 289 946 et
323 897 675 962 propugnacula
713 895 960 954 moenium,
990 894 1295 958 exspiravere.
1367 896 1614 946 convulsis

68 975 234 1040 portis,
262 975 467 1039 reliquus
497 975 669 1040 globus
705 973 872 1021 obtulit
911 989 960 1021 se
995 972 1273 1023 victoribus:
1319 983 1366 1020 et
1405 973 1613 1022 cecidere

64 1069 230 1100 omnes
264 1052 500 1101 contrariis
534 1051 821 1110 vulneribus,
865 1050 985 1098 versi
1015 1050 1064 1098 in
1103 1050 1317 1100 hostem.¹
1386 1050 1457 1099 Ea
1500 1067 1612 1100 cura

67 1130 206 1178 etiam
227 1129 528 1179 morientibus
550 1129 708 1178 decori
730 1128 886 1177 exitus
902 1126 1004 1176 fuit.

406 169 798 213 HISTORIARUM
827 168 992 210 LIBER
1018 169 1266 234 TERTIUS.

132 1286 562 1346 85.V1TE1.L1US,
585 1285 718 1351 capta
740 1287 893 1344 Urbe,
909 1301 992 1349 per
1009 1300 1214 1333 aversam
1229 1283 1382 1348 palatii
1394 1287 1610 1348 partem,²

66 1365 372 1424 Aventinum,
410 1365 459 1417 in
497 1365 692 1412 domum
725 1364 917 1423 uxori8‚³
963 1363 1126 1411 sellula
1166 1361 1401 1410 defertur·
1389 1381 1403 1422 3
1458 1373 1527 1420 ut,
1571 1361 1610 1411 si

65 1442 190 1493 diem
225 1442 400 1490 latebra
421 1443 665 1502 vitavisset,
688 1442 987 1490 Tarracinam
1009 1442 1068 1489 ad
1090 1441 1304 1488 cohortes
1326 1438 1611 1505 fratremque

64 1518 347 1585 perfugeret.
416 1519 558 1580 Dein,
582 1520 832 1568 mobilitate
853 1519 1041 1585 ingenii,
1060 1530 1105 1567 et
1127 1536 1233 1583 quae
1249 1529 1413 1566 natura
1429 1516 1612 1582 pavoris

63 1607 152 1655 est,
190 1596 306 1646 esim
338 1597 493 1645 omnia
514 1597 735 1645 metuenti
766 1596 1008 1661 praesentia
1042 1595 1244 1646 maxim&
1258 1598 1279 1625 ⁴
1300 1595 1611 1660 displicerent,

63 1673 113 1721 in
134 1674 353 1737 palatium
375 1675 653 1740 regreditur,
675 1686 857 1724 vastum
880 1676 1236 1739 desertumque:
1273 1673 1456 1738 dilapsis
1472 1673 1612 1722 etiam

61 1750 232 1799 infimis
254 1752 561 1812 servitiorum,
578 1765 657 1801 aut
680 1770 927 1801 occursum
951 1754 1048 1819 ejus
1071 1751 1416 1800 declinantibus,
1441 1751 1612 1799 Terret

63 1827 281 1887 solitudo,
304 1840 350 1877 et
371 1841 571 1878 tacentes
594 1831 682 1879 loci
700 1848 712 1878 z
730 1833 746 1859 ⁵
767 1841 910 1878 tentat
928 1830 1109 1877 clausa:
1134 1828 1407 1876 inhorrescit
1428 1827 1607 1876 vacuis:

62 1902 301 1977 fessusque
331 1907 501 1957 misero
532 1925 708 1970 errore,
730 1920 776 1957 et
808 1906 1027 1974 pudenda
1050 1906 1225 1960 latebra
1239 1902 1257 1928 ⁶
1279 1917 1425 1954 semet
1452 1905 1609 1959 occul-

119 2099 132 2118 ¹
148 2101 369 2142 Contrariis
385 2104 611 2152 vulneribus,
642 2106 742 2143 versi
759 2105 797 2143 in
915 2101 935 2124 ⁴
952 2103 1162 2142 Praesentia
1178 2102 1343 2144 maxime,
1393 2101 1458 2142 Sic
1487 2102 1603 2143 ferm&

63 2155 216 2195 hostem.
242 2157 443 2195 Audacter
459 2158 619 2205 factum,
647 2159 798 2197 dictum

60 2209 264 2259 eleganter.
319 2211 550 2250 Vitellianus
586 2187 721 2272 globus
758 2215 796 2251 in

62 2262 224 2301 victores
259 2261 396 2310 irruit3
430 2267 628 2306 contrariis
664 2267 798 2304 vulne-

60 2316 169 2357 ribus
211 2318 473 2368 excipiuntur,
506 2326 547 2356 et
583 2320 729 2360 cadunt
757 2322 797 2359 in

59 2369 207 2415 hostem
236 2373 346 2409 versi.
391 2372 488 2410 Haec
518 2373 646 2412 decori
673 2375 798 2413 exitfis

60 2423 183 2474 gloria
205 2424 230 2462 ὲ.
259 2425 349 2463 viris
375 2425 521 2467 fortiter
546 2427 797 2467 morientibus

60 2478 234 2546 quaesita.

114 2526 334 2572 ²Aversam
346 2534 486 2584 palatii
495 2541 657 2586 partem
694 2537 796 2575 Bene

57 2583 229 2636 quidem,
268 2600 449 2626 aversam.
514 2589 659 2630 Antica
694 2591 795 2629 enim

59 2638 195 2690 palatii
228 2653 314 2692 pars
347 2648 429 2679 erat
461 2641 530 2680 viae
570 2655 687 2682 sacrae
729 2645 796 2683 ob·

58 2704 179 2729 versa.

114 2742 130 2764 ³
150 2746 309 2784 Domum
327 2748 466 2791 uxoris.
506 2750 561 2788 Ut
576 2763 693 2801 supra
705 2764 794 2816 cap.

32 2811 35 2813 ·
59 2801 125 2841 70.
161 2799 220 2837 De
236 2800 386 2848 sellula,
400 2809 472 2840 aut
489 2802 795 2857 sellagestatoria

59 2852 145 2896 vide
163 2865 247 2904 cap.
269 2859 333 2893 81.
349 2864 430 2895 not.
448 2869 535 2907 sup.

866 2157 1036 2204 Quintus
1049 2157 1219 2199 Curtius,
1235 2169 1296 2194 1v.
1313 2162 1348 2196 1.
1365 2156 1605 2207 Οῖιηιρνὶηιαε

862 2210 1120 2263 spes-fortuna
1145 2211 1331 2258 destituit,
1343 2210 1495 2255 futura
1509 2224 1607 2263 prae-

862 2266 1028 2305 centibus
1043 2265 1220 2303 videntur
1240 2278 1315 2302 esse
1330 2265 1496 2314 potiora.

917 2316 931 2339 ⁵
951 2319 1132 2360 Tacentes
1150 2319 1234 2356 loci.
1262 2319 1347 2356 Nec
1359 2318 1469 2357 aliter
1479 2318 1607 2371 Virgi-

865 2372 956 2420 lius,
977 2373 1128 2410 AEncid.
1146 2384 1195 2410 11.
1215 2375 1307 2416 755.

862 2490 985 2523 Horror
1002 2491 1109 2527 ubique
1130 2492 1255 2522 animos,
1275 2492 1366 2522 timul
1389 2493 1458 2526 ipsa
1478 2493 1604 2520 nuntio

898 2532 1024 2556 terrent.

916 2633 934 2656 ⁶
953 2639 1137 2678 Pudendd
1166 2639 1326 2679 latebra.
1382 2641 1427 2678 In
1457 2639 1604 2682 cellula

862 2691 1061 2732 Janitoris.
1090 2694 1189 2731 Vide
1202 2707 1320 2745 supra.
1332 2707 1419 2745 cap.
1438 2699 1504 2732 81.
1520 2702 1601 2732 not.

861 2758 948 2797 sup.
983 2756 1021 2786 et
1070 2748 1295 2790 Suetonium
1340 2749 1380 2793 in
1427 2747 1601 2796 Vitellio,

864 2811 977 2839 xvu.
