1768 3198
352 146 432 186 AD
459 145 564 185 ΠΒ.
589 144 623 185 Ι.
651 143 791 183 HIST.
818 142 865 183 C.
893 141 1061 181 CORN.
1086 140 1287 181 TACITI·
1520 148 1603 191 409

55 257 97 293 et
117 246 385 300 Puteolanus,
414 247 652 291 utilissimus
669 244 847 305 quidem.
908 243 1093 288 Pichena
1111 250 1152 286 et
1172 242 1434 296 recentiores,
1462 244 1599 289 utilis-

51 322 253 380 simusque
270 322 393 365 idem.
541 317 549 323 ’
1392 359 1396 366 ,

113 397 206 439 Aut
238 396 604 440 volueris-„mut
652 394 847 438 nolueris.
904 392 971 436 Ita
1008 393 1114 437 MS.
1153 392 1268 436 Flor.
1336 391 1514 436 Pichena
1550 402 1594 438 et

53 472 314 515 recentiores.
373 471 425 514 In
458 471 601 514 ceteris
636 469 775 512 MSS.
820 477 863 511 et
894 468 1099 511 veteribus
1130 467 1390 521 editionibus,
1431 467 1592 511 inverso

53 545 210 598 ordine,
239 552 315 588 aut
334 545 533 588 nolueris·
547 568 560 581 ·
575 568 589 580 ·
605 551 698 587 οαιιι
717 542 908 586 volueris.

111 619 219 683 Herc
239 631 362 678 atque
380 620 500 662 talia.
532 618 603 661 Sic
623 618 760 661 MSS.
777 617 908 660 Corb.
924 626 966 660 et
977 616 1103 659 Bodl.
1134 615 1185 658 In
1205 616 1342 659 MSS.
1359 616 1482 660 Harl.
1496 617 1587 662 Jes.

52 708 210 737 necnon
228 695 407 737 editione
424 693 626 752 principe,
646 693 729 736 Ιιιεσ
749 699 788 735 et
803 691 923 735 talia.
985 690 1253 745 Puteolanus,
1271 690 1354 734 laec
1373 691 1544 735 actalia.

107 843 231 887 CAP.
266 847 332 888 13.
355 842 626 887 Vitareutur.
684 841 750 885 Ita
783 841 921 885 MSS.
953 840 1077 883 Harl.
1109 839 1253 883 Guelf.
1286 848 1327 882 et
1361 839 1585 888 Ernestus:

49 919 239 975 apposite
258 919 422 975 quidem
448 919 499 960 ad
518 926 753 974 temporum
773 917 985 959 rationem.
1045 914 1094 957 In
1117 914 1219 957 MS.
1238 915 1267 958 J
1270 931 1328 957 es.
1345 915 1592 962 *niterentur-.-

50 992 154 1037 MS.
175 993 301 1036 Bodl.
333 1003 375 1036 et
410 992 675 1046 Puteolanus,
693 992 892 1035 vitentur.
949 989 1000 1032 In
1031 989 1135 1032 MS.
1167 988 1291 1032 Bodl.
1320 991 1583 1034 emendatum

46 1067 206 1124 postea,
223 1067 427 1119 vitantur,
446 1068 558 1125 quod
575 1067 728 1109 habent
745 1065 989 1108 recentiores
1008 1063 1205 1106 editiones
1221 1063 1422 1120 plurimae.
1443 1065 1583 1110 MSS.

49 1141 180 1186 Corb.
200 1142 308 1199 Reg.
326 1153 368 1185 et
384 1142 508 1185 editio
527 1141 732 1198 princeps,
760 1147 988 1183 vertantur.
1563 1132 1567 1135 ¹

107 1215 234 1260 More
271 1217 361 1260 divi
394 1216 591 1276 Augusti,
639 1224 679 1259 et
716 1214 895 1272 exemplo
933 1214 1123 1257 militari.
1182 1213 1250 1257 Ita
1287 1214 1454 1272 quidem
1490 1214 1588 1262 libri

46 1306 203 1335 omnes.
260 1291 551 1336 Invertendum
572 1301 708 1334 tamen
726 1290 865 1334 multis
884 1289 1055 1343 videtur,
1083 1288 1262 1346 exemplo
1279 1289 1370 1333 divi
1385 1290 1586 1348 Augusti,

46 1373 87 1408 et
105 1379 218 1409 more
234 1367 426 1410 militari.
486 1367 556 1410 Sic
577 1366 697 1409 vertit
717 1364 784 1408 Cl.
807 1365 1046 1417 Davanzati,
1076 1380 1200 1422 quem
1215 1364 1397 1420 optimus
1412 1365 1590 1422 quisque*

44 1440 244 1498 interpres
263 1451 425 1485 secutus
445 1451 520 1494 est,
550 1447 579 1467 “
594 1442 672 1484 che
691 1442 879 1484 adotmva
893 1439 1046 1483 Pisone
1064 1441 1115 1483 ad
1134 1439 1318 1496 esempio
1336 1439 1586 1495 d’Augusto,

45 1516 69 1559 ὲ
89 1531 164 1559 uso
183 1517 224 1559 di
246 1515 407 1560 Milizia
425 1517 502 1560 che
519 1532 604 1559 uno
623 1516 764 1572 elegga
782 1531 836 1557 un
856 1514 959 1557 altro
974 1513 1012 1568 ;'’
1040 1522 1082 1557 et
1103 1513 1171 1556 Cl.
1193 1514 1384 1566 Gordon,
1422 1520 1451 1540 “
1469 1515 1584 1558 That

45 1590 98 1633 he
117 1592 295 1648 adopted
316 1591 431 1645 Piso,
462 1593 567 1634 after
585 1591 653 1633 the
673 1591 892 1648 precedent
918 1591 969 1632 of
993 1588 1060 1632 the
1079 1588 1227 1631 deified
1247 1588 1473 1645 Augustus,
1503 1590 1585 1633 and

45 1667 266 1722 according
285 1675 330 1709 to
351 1667 419 1708 the
437 1674 599 1709 custom
619 1667 668 1707 of
683 1681 734 1708 an
753 1680 880 1720 army,
908 1665 1045 1706 where
1066 1679 1183 1718 every
1215 1679 1311 1706 man
1344 1664 1489 1707 chuses
1518 1665 1583 1708 his

44 1740 181 1782 man.’'
240 1740 426 1797 Murphy
448 1756 628 1798 quoque,
667 1745 697 1765 “
716 1740 818 1791 that,
847 1739 889 1781 in
909 1738 1157 1794 conformity
1175 1746 1219 1780 to
1240 1738 1308 1780 the
1326 1738 1518 1796 example
1538 1741 1590 1783 of

45 1813 272 1870 Augustus,
287 1815 364 1857 and
385 1816 454 1857 the
473 1814 654 1872 practice
675 1816 724 1856 of
738 1815 808 1856 the
826 1800 952 1870 army,
967 1813 1103 1855 where
1122 1813 1223 1855 each
1244 1812 1395 1856 soldier
1412 1815 1583 1856 chooses

44 1888 108 1931 his
127 1889 377 1946 companion
395 1889 438 1931 in
457 1905 553 1943 war,
581 1890 634 1932 he
664 1890 743 1931 had
777 1888 954 1944 adopted
987 1887 1086 1930 Piso
1120 1888 1184 1930 for
1217 1887 1279 1930 his
1305 1888 1418 1930 son.'’
1478 1888 1585 1932 Sunt

43 1971 183 2006 tamen
201 1963 272 2021 qui
291 1973 332 2006 et
350 1963 552 2019 vulgatam
571 1963 1067 2021 scripturam'defendantz
1126 1962 1172 2005 N
1175 1978 1222 2006 ec
1242 1971 1456 2019 repugnat,
1483 1962 1585 2007 licet

45 2039 147 2080 dura
165 2037 231 2081 sit.
1242 2029 1246 2033 ²

102 2113 489 2156 Duoetvicesimam.
550 2112 667 2156 Bene
688 2113 870 2156 Pichena
890 2113 912 2155 ὲ
932 2112 1036 2155 MS.
1057 2110 1171 2154 Flor.
1214 2110 1331 2153 Idem
1360 2111 1454 2154 vide
1481 2111 1584 2156 infra

42 2202 134 2245 cap.
154 2194 225 2231 55.
268 2188 493 2245 Perperam
512 2187 631 2230 multi
650 2187 788 2231 MSS.
808 2197 851 2230 et
868 2196 1022 2229 veteres
1041 2201 1089 2228 ac
1109 2185 1355 2228 recentiores
1373 2186 1584 2242 editiones,

39 2260 419 2305 duodevicesimam.
478 2261 530 2304 ln
550 2262 654 2306 MS.
677 2262 807 2305 Corb.
826 2272 990 2304 IIIItam
1017 2269 1056 2304 et
1085 2272 1224 2303 XXam.
1263 2260 1334 2302 De
1353 2260 1588 2316 legionibus

40 2336 199 2380 dicetur
218 2336 314 2379 satis
332 2337 374 2379 in
391 2337 498 2380 notis
518 2346 559 2380 et
579 2337 931 2380 emendationibus
951 2338 1003 2379 ad
1023 2337 1138 2380 Hist.
1162 2351 1216 2379 11.
1236 2338 1278 2380 6.

100 2410 252 2463 Addit,
282 2418 356 2453 aut
379 2412 572 2469 preti-um.
632 2411 703 2454 Sic
725 2410 909 2454 Pichena
939 2420 980 2454 et
1006 2411 1268 2461 recentiora,
1299 2411 1323 2452 ὲ
1346 2409 1450 2452 MS.
1470 2409 1582 2456 Flor.

39 2485 81 2528 in
110 2501 209 2543 quo,
230 2485 377 2528 addita
411 2493 459 2527 ut
485 2486 679 2542 pretium.
740 2485 878 2529 MSS.
914 2487 1021 2543 Reg.
1051 2486 1154 2542 Agr.
1188 2484 1312 2527 editio
1330 2484 1523 2541 princeps
1542 2492 1585 2531 et

24 2560 287 2612 Beroaldus,
316 2559 522 2613 additum,
551 2567 626 2602 aut
650 2561 851 2618 pretium.
910 2560 1049 2604 MSS.
1082 2558 1206 2603 Harl.
1246 2557 1372 2601 Bodl.
1411 2559 1501 2603 Jes.
1540 2565 1583 2601 et

38 2633 308 2687 Puteolanus,
338 2634 518 2687 addidit,
547 2642 622 2677 aut
633 2635 830 2691 pretium.

99 2706 242 2752 Grata
262 2708 410 2751 auditu
429 2709 684 2765 respondent.
716 2709 832 2753 Bene
853 2709 991 2752 MSS.
1015 2707 1137 2751 Harl.
1157 2707 1187 2752 J
1190 2723 1246 2751 es.
1264 2716 1308 2751 et
1329 2707 1581 2752 Puteolanus

38 2797 89 2826 ac
123 2782 383 2847 recentiores.
442 2782 512 2826 Sic
549 2799 716 2841 quoque
754 2783 796 2826 in
835 2784 938 2827 MS.
978 2782 1121 2826 Guelf.
1152 2784 1413 2827 emendatum
1451 2781 1581 2825 altera

38 2871 176 2900 manu.
236 2857 288 2900 In
322 2856 460 2901 MSS.
493 2856 607 2900 Flor.
640 2858 747 2913 Reg.
781 2858 913 2901 Corb.
944 2866 987 2901 et
1020 2857 1197 2901 editione
1230 2857 1429 2915 principe,
1455 2863 1581 2914 gratu
