1786 3204
26 172 89 225 ³³.
109 169 254 218 069..
421 163 812 219 msromARUM
841 164 1004 209 Lmen
1035 169 1256 213 PRIMUs.
1546 177 1596 214 8⁵

48 277 169 326 ordo
204 286 351 335 metu,
385 287 465 324 aut
499 273 706 340 periculo
740 290 944 323 vacuus:
981 275 1207 339 primores
1240 276 1428 341 senatus⁸
1460 289 1596 327 aetate

49 354 252 413 invalidi,
276 365 322 402 et
357 352 499 418 longa
520 369 633 417 pace
655 351 863 415 desides3
900 353 1070 419 segnis,
1102 365 1148 402 et
1177 355 1320 411 oblita
1340 355 1593 416 bellorum,

48 432 285 492 nobilitas3
321 431 510 497 ignarus
531 429 704 477 militiae
728 446 900 493 eques;
930 442 1103 494 quanto
1125 433 1270 498 magis
1287 429 1525 499 occultare
1547 445 1595 482 et

47 510 220 559 abdere
275 525 495 574 pavorem
557 506 837 579 nitebantur,
885 507 1181 575 ,manifestius
1237 510 1402 573 pavidi.
1485 513 1590 560 Nec

48 580 238 636 deerant
260 586 287 635 ὲ
311 585 559 644 contrario,
586 584 665 649 qui
701 584 948 633 ambitione
971 586 1154 645 stolida,
1177 587 1425 652 conspicua
1445 602 1595 651 arma,

3 720 6 722 ,
46 663 248 731 insignes
269 681 432 729 equos,
466 663 654 728 quidam
690 662 954 711 luxuriosos
985 676 1227 728 apparatus
1253 666 1589 725 conviviorum,

45 753 93 791 et
113 742 401 790 inritamenta
422 740 680 799 libidinum,
705 752 758 788 ut
779 741 1084 806 instrumenta
1103 742 1231 802 belli,
1254 755 1586 791 mercarentur.

37 819 335 884 ⁹Sapientibus
371 817 534 884 quietis
563 829 609 866 et
643 818 911 882 reipublicae
935 835 1063 879 cura,
1100 819 1355 868 levissimus
1375 820 1589 885 quisque,

45 908 94 945 et
115 895 260 945 futuri
285 896 588 961 improvidus,
611 913 691 960 spe
714 895 832 944 vana
855 908 1053 945 tumens.
1123 898 1266 945 Multi
1289 897 1471 945 adflicta
1493 899 1589 946 fide

49 973 99 1022 in
119 991 250 1039 pace,
266 992 319 1023 ac
341 973 533 1023 turbatis
554 975 694 1022 rebus
711 973 900 1034 alacres,
918 987 964 1022 et
985 991 1070 1039 per
1091 974 1264 1023 incerta
1278 975 1504 1024 tutissimi.

117 1137 196 1180 89.
219 1125 336 1180 'SED
380 1130 566 1196 vulgus,
616 1141 662 1178 et
711 1127 1026 1197 magnitudine
1075 1131 1217 1180 nimia
1268 1132 1588 1180 communium

43 1225 268 1270 ⁴curarum
290 1226 456 1273 expers
490 1209 706 1272 populus,
738 1209 905 1257 sentire
938 1210 1156 1273 paulatim
1182 1210 1291 1258 belli
1318 1211 1455 1269 mala,
1478 1227 1588 1258 con·
1663 1210 1665 1213 ’

24 1334 26 1336 ,
48 1285 182 1335 versa
211 1287 260 1334 in
282 1287 479 1334 militum
502 1304 638 1334 usum
661 1287 788 1334 omni
811 1287 1025 1352 pecunia,
1058 1287 1240 1336 intentis
1262 1287 1587 1336 alimentorum

39 1364 234 1428 pretiis:
270 1378 394 1428 quae,
431 1375 562 1412 motu
599 1364 821 1425 Vindicis,
851 1365 986 1418 ‚haud
1022 1365 1212 1429 perinde
1246 1365 1431 1429 plebem
1463 1365 1588 1413 attri-

47 1452 226 1502 verant,
256 1440 417 1490 secura
453 1452 554 1489 tum
587 1442 740 1501 Urbe,
763 1452 819 1490 et.
842 1442 1108 1507 provinciali
1137 1443 1279 1502 bello,
1311 1443 1438 1507 quod
1467 1441 1588 1491 inter

12 1504 253 1584 ‘legiones
293 1518 559 1583 Galliasque
603 1519 732 1567 velut
770 1531 1025 1582 externum.
1047 1520 1147 1569 fuit.
1215 1522 1358 1580 Nam,
1395 1538 1455 1568 ex
1492 1538 1587 1585 quo
1647 1578 1652 1582 ¹

40 1587 180 1650 ,divus
202 1599 448 1662 Augustus
464 1614 538 1645 res
562 1598 803 1646 Caesarum
825 1586 1099 1663 composuit,
1117 1599 1281 1662 procul
1298 1599 1408 1646 etin
1426 1598 1562 1647 unius
1575 1601 1586 1620 ¹

46 1672 402 1736 solicitudinem,
455 1685 534 1722 aut
585 1676 743 1734 decus,
791 1676 992 1740 populus
1038 1677 1281 1723 Romanus
1322 1675 1586 1724 bellaverat.

48 1751 148 1799 Sub
181 1751 387 1810 Tiberio,
418 1763 464 1799 et
504 1750 636 1811 Caio,
675 1752 861 1800 tantum
894 1752 1017 1816 pacis
1053 1753 1243 1800 adversa
1275 1752 1583 1816 pertimuere:

48 1827 334 1878 Scriboniani
349 1831 365 1850 ²
410 1839 570 1877 contra
614 1829 865 1878 Claudium
903 1830 1100 1894 incepta,
1144 1830 1282 1877 simul
1325 1830 1495 1889 audita,
1541 1842 1587 1878 et

44 1904 276 1967 coercita:
311 1906 442 1962 Nero
478 1906 649 1973 nuntiis
683 1906 828 1972 magis
864 1918 910 1955 et
945 1907 1228 1967 rumoribuS,
1264 1906 1409 1971 quam
1447 1906 1586 1957 armis

48 1981 311 2046 depulsus.'
348 1984 476 2029 Tum
516 1983 719 2048 legiones
763 1984 1037 2048 classesque,
1073 1995 1119 2032 et
1155 1985 1282 2048 quod
1317 1984 1425 2032 raro
1458 1984 1585 2045 alias,

47 2059 348 2123 praetorianus
379 2061 694 2125 Urbanusque
716 2061 864 2120 miles,
901 2061 950 2108 in
976 2062 1121 2123 aqlem
1144 2061 1344 2109 deducti.
1416 2061 1587 2111 Oriens

51 2135 392 2201 Occidensque,
415 2149 461 2184 et
483 2138 708 2203 quidquid
731 2139 964 2204 utrimque
987 2138 1155 2186 virium
1178 2150 1246 2186 est
1270 2138 1296 2185 Ξ
1320 2150 1482 2204 tergo:
1502 2142 1513 2166 ³
1548 2139 1588 2188 si

50 2212 245 2261 ducibus
279 2214 375 2263 aliis
396 2215 618 2263 bellatum
652 2215 789 2276 foret,
814 2216 955 2282 longo
986 2216 1110 2266 bello
1147 2216 1347 2263 materia.
1417 2217 1584 2276 Fuere,

48 2289 130 2355 qui
162 2291 468 2354 proficiscenti
503 2293 681 2340 Othoni
708 2309 886 2352 moras,-
921 2298 957 2321 “
971 2293 1340 2359 ‘religionemque-
1375 2295 1584 2342 nondum

48 2367 411 2440 “.‘f'onditorum
466 2369 682 2427 ancilium
697 2372 729 2393 ’'
744 2374 764 2401 ⁴
821 2370 1069 2420 adferrent.
1163 2374 1450 2434 Asper-natus
1517 2381 1587 2419 est

105 2569 119 2618 f
149 2571 338 2611 Inunius.
368 2573 568 2625 Principis.
856 2576 1017 2613 Romam
1058 2576 1136 2613 fore
1177 2576 1372 2622 invictam,
1409 2575 1585 2612 finxerat.

103 2621 122 2639 ²
150 2625 397 2664 Scriboniani.
438 2629 496 2666 De
527 2642 604 2679 quo
632 2627 783 2666 dicetur
852 2630 947 2667 ,inde
977 2630 1167 2668 ancilibus
1211 2630 1340 2666 honos.
1372 2654 1374 2656 -
1417 2629 1588 2679 Singulis

0 2700 4 2702 s
41 2680 90 2718 in
109 2678 405 2730 Suppl.-Annal.
425 2693 488 2719 1x.
506 2686 557 2720 35
574 2679 689 2720 et36.
758 2696 761 2698 ·
852 2685 972 2727 aunis,
1005 2684 1115 2720 initio
1150 2684 1286 2720 mensis
1321 2683 1467 2728 Martii,
1504 2695 1583 2732 quo

43 2750 59 2778 ξ
105 2731 120 2754 ³
152 2737 188 2772 A
226 2740 346 2784 terg0.
391 2736 425 2772 A
468 2743 572 2788 tergo
606 2735 782 2782 OthoniS,
854 2738 992 2775 Martis
1033 2749 1185 2774 sacrum
1222 2739 1482 2787 peragebatur,
1518 2749 1584 2772 an·-

51 2787 212 2831 Oriens;
242 2788 404 2835 Vitellii,
423 2790 635 2827 Occidens.-
853 2791 956 2837 cilia,
976 2804 1042 2840 per
1061 2791 1249 2839 reliquum
1268 2791 1356 2827 anni
1377 2798 1526 2839 tempus
1544 2790 1582 2825 in

1 2890 7 2896 .
38 2839 123 2872 ··-'1⁴
149 2841 328 2879 Nondum
342 2843 576 2880 consutorum
594 2842 781 2880 ancilium.
851 2844 934 2893 ejus
956 2845 1097 2894 templo
1122 2841 1290 2889 condita,
1319 2845 1581 2880 movebantur.

43 2895 200 2940 Numa,
219 2894 442 2944 religionum
461 2897 614 2943 artifex,
641 2896 785 2934 ancilia
852 2897 975 2934 Salios
992 2898 1090 2934 enim
1110 2897 1271 2935 caelestia
1289 2908 1405 2942 arma,
1425 2910 1503 2946 quae
1517 2910 1582 2933 αη-

0 2972 9 2981 s
52 2948 150 2986 ooelo
168 2948 334 2998 delapsa,
360 2962 445 2999 qua:
473 2951 504 2986 si
533 2959 782 2996 servarentur,
851 2950 940 2995 cilia
974 2951 1225 3001 appellantur,
1256 2951 1384 3006 ferre,
1429 2963 1472 2988 ac
1513 2962 1583 2999 per
