2242 3996
439 143 539 195 AD
575 144 703 193 LIB.
739 143 808 192 11.
829 141 1003 192 HIST.
1041 141 1101 190 C.
1135 141 1347 192 CORN.
1379 141 1630 193 'I'ACITL
1895 151 1993 197 523

141 272 254 329 Nec
276 271 399 328 sciri
421 281 611 344 potest,
638 273 871 326 traxerit.
949 271 1294 325 Bene-MSS.
1319 270 1475 325 Harl.
1505 270 1663 325 Bodl.
1686 271 1725 326 J
1728 291 1800 326 οε.
1830 272 1994 332 Pute-

68 367 247 422 olanus
273 376 326 420 et
358 366 683 419 recentiores,
751 365 817 418 In
856 364 1028 419 MSS.
1057 364 1191 435 Reg.
1219 364 1380 417 Corb.
1406 376 1458 419 et
1483 365 1706 419 editione
1741 366 1991 437 principe,

64 479 156 516 nec
179 460 303 515 sciri
316 467 547 532 poterat,
585 466 839 512 traxerat.

141 644 293 699 CAP.
326 652 445 699 101.
488 643 776 716 Cor-ruptas
794 643 851 696 in
876 642 1246 698 adulationem.
1324 644 1469 697 Bene
1495 643 1667 699 MSS.
1694 644 1836 698 Flor.
1856 645 1992 715 Reg.

67 736 232 791 Corb.
257 737 413 791 editio
440 736 680 808 princeps
706 746 757 790 et
780 736 1103 790 recentiores.
1180 737 1309 790 MS.
1338 724 1474 790 Eud.
1501 747 1777 809 corruptos,
1816 738 1991 792 MSS.

66 828 222 885 Harl.
250 830 407 884 Bodl.
432 830 468 884 J
472 849 544 883 es,
570 839 623 883 et
651 829 989 895 Puteolanus,
1006 830 1250 900 corrupti.
1513 840 1518 853 ³

140 922 462 996 Anteiretur.
540 921 683 975 Bene
713 922 842 976 MS.
868 921 1029 975 Corb.
1055 922 1210 976 editio
1236 923 1472 994 princeps
1509 934 1561 977 et
1586 924 1850 977 Ernestus.
1924 922 1991 977 In

67 1013 241 1070 MSS.
268 1016 421 1069 Harl.
449 1005 606 1081 Bodl.
628 1025 681 1068 et
706 1015 1047 1089 Puteolanus5
1064 1015 1403 1072 anteirentur.
1465 1016 1595 1085 MS.
1619 1015 1730 1071 JeS.
1756 1016 1990 1070 anteiret.

67 1107 197 1163 MS.
226 1109 359 1179 Reg.
385 1110 656 1163 anteirent.
1513 1092 1516 1099 ¹

144 1199 310 1256 Vilem
334 1221 467 1256 mocc.
540 1201 623 1255 Ita
650 1201 822 1256 MSS.
846 1211 899 1255 et
933 1211 1128 1255 veteres
1152 1202 1559 1276 recentioresque
1585 1201 1849 1256 editiones.
1924 1201 1992 1256 In

63 1295 245 1350 mediis
265 1295 588 1368 quibusdam,
612 1314 730 1349 mox
752 1294 923 1349 vilem.

142 1386 460 1443 Pervertisse
499 1390 662 1460 ipsum
709 1387 974 1442 Vitellium
1011 1389 1227 1444 videtur.
1301 1389 1384 1444 Ita
1427 1389 1746 1443 Puteolanus
1784 1400 1838 1443 et
1873 1388 1992 1443 libri

68 1499 248 1536 omnes
287 1482 466 1552 posted
504 1481 642 1536 editi.
718 1481 885 1536 Recte
925 1491 1096 1535 tamen
1137 1483 1474 1549 omitteretur,
1528 1482 1582 1535 V
1576 1482 1811 1549 itellium‚
1849 1482 1993 1554 quod

69 1574 215 1627 abest
238 1574 270 1626 ὂ.
289 1575 418 1629 MS.
446 1575 582 1646 Reg.
602 1585 653 1628 et
672 1574 892 1628 editione
910 1576 1159 1646 principe.
1237 1576 1325 1629 Sic
1345 1595 1554 1647 quoque
1576 1576 1760 1630 merito
1788 1576 1994 1631 volebat

73 1664 300 1736 Lipsius.
374 1668 425 1721 E
462 1669 808 1739 superioribus
846 1668 982 1721 enim
1015 1669 1286 1740 repetitum
1323 1670 1537 1722 videtur.
1613 1670 1779 1722 Recte
1816 1670 1993 1727 MSS.

71 1757 227 1812 Harl.
254 1759 411 1814 Bodl.
435 1761 471 1815 J
475 1781 546 1814 οε.
574 1761 735 1815 Corb.
770 1771 823 1814 et
861 1757 1200 1830 Puteolanus,
1215 1742 1538 1834 pereertisse.
1611 1759 1674 1814 'sn
1700 1762 1829 1815 MS.
1858 1764 1992 1835 Reg.

71 1860 124 1905 et
146 1852 366 1907 editione
390 1854 640 1925 principe,
655 1855 975 1926 prm-venisse,
1006 1855 1222 1908 solemni
1243 1855 1567 1910 librariorum
1591 1874 1777 1908 errore.
1853 1856 1994 1910 Mox

71 1945 170 1998 fuit
191 1948 580 2015 emendandum,
618 1947 839 2002 videtur.
915 1948 1066 2002 Male
1104 1949 1240 2005 enim
1273 1949 1404 2006 MS.
1432 1950 1570 2020 Reg.
1587 1959 1642 2004 et
1662 1947 1820 2003 editio
1852 1948 1993 2019 prin-

73 2055 215 2109 σερε,
231 2039 505 2095 videretur.
579 2031 921 2110 Puteolanus.
935 2042 1192 2099 videntur.

0 3704 24 3996 W'f‘J‘'³“‘-''''
0 3603 3 3627 „v
0 3490 14 3557 ...f
0 3435 5 3460 ,-
