1786 3204
58 126 98 167 J.
117 127 165 167 C.
184 124 251 173 69.
410 123 798 165 HISTORIARUM
827 121 990 179 LIBER
1018 122 1288 180 QUARTUS.
1523 127 1603 170 279

59 232 252 301 flaccus
282 229 432 290 omisit
453 228 707 293 inceptum,
725 228 917 293 aliisque
940 227 1080 294 literis
1107 226 1302 295 Gallum
1324 225 1522 286 monuit,
1545 243 1606 290 ne

60 299 254 374 terreret
275 309 508 365 abeuntes.
545 306 688 372 Unde
713 304 927 371 suspicio,
950 315 1112 368 sponte
1134 305 1395 370 legatorum
1417 300 1606 352 excitari

57 374 266 450 bellum:
328 395 585 449 cunctaque
633 400 739 447 quae
794 381 1070 440 acciderant,
1126 393 1206 429 aut
1261 371 1603 441 metuebantur,

59 478 158 510 non
188 461 351 510 inertia
384 461 555 526 militis,
586 478 738 526 neque
777 459 980 522 hostium
1014 459 1077 518 vi,
1111 459 1192 507 sed
1224 457 1388 526 fraude
1427 452 1603 507 ducum

61 556 259 588 evenlre.
407 583 410 589 ‚

127 704 209 745 20.
245 692 472 759 ΒΑΤᾼνῙ,
507 696 621 744 cum
657 694 814 744 castris
853 693 1176 743 Bonnensibus
1219 693 1604 758 propinquarent,

60 774 324 840 praemisere
348 775 426 839 qui
449 773 687 830 Herennio
712 764 853 821 Gallo
872 771 1090 820 mandata
1120 770 1382 819 cohortium
1406 786 1607 834 expone-

61 863 168 909 ret.v
217 858 250 881 ‘⁶
285 853 485 901 Nullum
508 852 591 900 sibi
607 852 784 915 bellum
806 850 1030 898 adversus
1054 849 1311 907 Romanos,
1329 865 1414 913 pro
1439 848 1608 911 quibus

62 934 95 995 {f
129 930 294 992 totiens
322 930 582 994 bellassent.
652 928 819 994 Longa
867 939 1006 992 atque
1053 925 1189 974 inrita
1245 925 1404 973 militia
1459 923 1606 984 fessis,

60 1012 96 1071 ⁷“
127 1007 287 1072 patriae
310 1020 447 1073 atque
483 1009 562 1060 otii
596 1007 859 1071 cupidinem
898 1023 1010 1054 esse.
1082 1005 1131 1054 Si
1169 1020 1309 1052 nemo
1349 1002 1608 1061 obsisteret,

60 1090 91 1113 “
122 1085 366 1135 innoxium
406 1080 492 1134 iter
542 1085 673 1134 fore:
722 1085 792 1133 sin
830 1101 958 1132 arma
995 1094 1261 1140 occurrant,
1305 1079 1432 1130 ferro
1479 1081 1602 1128 viam

66 1167 98 1190 “
130 1164 448 1213 inventuros.'’
521 1166 830 1213 Cunctantem
853 1163 1058 1228 legatum
1094 1160 1259 1208 milites
1292 1149 1606 1224 perpulerant,

63 1247 94 1269 “
127 1241 363 1291 fortunam
397 1243 543 1307 praelii
582 1241 921 1307 experiretur.''
990 1239 1109 1288 Tria>
1126 1237 1268 1303 millia
1283 1240 1296 1259 ¹
1331 1235 1608 1303 legionario-

58 1338 184 1381 rum,
200 1332 246 1385 et
267 1311 855 1386 tumultuariaeBelgarum
878 1319 1110 1376 cohortes,
1129 1315 1265 1380 simul
1284 1302 1574 1381 paganorum
1588 1315 1606 1335 ²

58 1398 350 1464 lixarumque
389 1399 569 1464 ignava,
621 1398 701 1446 sed
735 1413 911 1462 procax
958 1406 1066 1462 ¹ante
1112 1393 1372 1459 periculum
1423 1407 1602 1451 manus,

61 1477 278 1539 omnibus
320 1477 463 1542 portis
514 1487 782 1540 erumpunt,
834 1486 886 1523 ut
931 1475 1128 1522 Batavos
1173 1487 1372 1520 numero
1412 1468 1612 1533 impares

59 1553 449 1619 circumfundant.
485 1554 574 1613 Illi,
591 1545 768 1602 veteres
785 1551 974 1611 militiae,
991 1550 1039 1598 in
1056 1566 1228 1599 cuneos
1251 1558 1612 1617 congregantur,

58 1632 191 1680 densi
231 1632 454 1697 undique,
491 1643 536 1679 et
574 1629 779 1695 frontem
824 1641 1048 1695 tergaque
1097 1644 1151 1678 ac
1203 1627 1320 1676 latus
1363 1624 1463 1673 tuti.
1534 1623 1610 1672 Sic

61 1720 250 1760 tenuem
283 1720 550 1758 nostrorum
572 1708 718 1757 aciem
740 1705 1049 1775 perfringunt.
1120 1702 1405 1755 Cedentibus
1435 1700 1614 1767 Belgis,

59 1787 247 1852 pellitur
281 1787 420 1852 legio,
459 1799 505 1835 et
534 1787 709 1835 vallum
745 1796 993 1850 portasque
1033 1782 1200 1848 trepidi
1240 1782 1470 1846 petebant.
1538 1777 1611 1830 Ibi

59 1865 317 1930 plurimum
350 1865 512 1925 cladis:
550 1865 797 1913 cumulatae
838 1859 1109 1926 c'orporibus
1146 1858 1282 1909 fossae
1299 1848 1318 1907 :⁵
1365 1874 1451 1906 nec
1482 1856 1612 1905 caede

61 1943 247 1990 tannim
287 1954 333 1991 et
375 1941 659 2001 vulneribus,
715 1941 796 1989 sed
834 1938 986 1998 ruina,
1043 1953 1089 1986 et
1131 1937 1225 1985 suis
1263 1934 1471 2001 plerique
1509 1933 1611 1982 telis

59 2019 286 2068 interiere.
355 2021 584 2079 Victores,
617 2018 797 2069 colonia
831 2014 1243 2084 Agrippinensium
1257 2017 1271 2042 ³
1305 2011 1461 2072 vitata,
1495 2011 1611 2060 nihil

60 2109 215 2150 cetero
237 2097 286 2147 in
306 2097 465 2146 itinere
487 2097 650 2146 hostile
667 2097 782 2155 ausi,
806 2097 1052 2144 Bonnense
1069 2084 1281 2158 praelium
1298 2091 1609 2140 excusabant:

59 2187 297 2239 tamquam
322 2174 476 2238 *petita
513 2191 643 2242 pace,
692 2172 939 2243 postquam
980 2171 1251 2240 negabatur,
1301 2167 1482 2219 sibimet
1526 2167 1612 2233 ipsi

60 2252 414 2305 consuluissent,

129 2415 208 2456 21.
246 2408 468 2468 C1v1Lis‚
507 2409 707 2457 adventu
736 2419 1059 2458 veteranarum
1088 2402 1367 2462 cohortium,
1384 2400 1498 2468 justi
1515 2402 1611 2467 jam

60 2483 295 2537 exercitus
317 2485 496 2547 ductor,
539 2486 621 2537 sed
657 2486 834 2535 consilii
868 2485 1132 2551 ambiguuS,
1154 2492 1201 2530 et
1222 2480 1318 2532 vim
1349 2479 1613 2528 Romanam

67 2769 75 2776 .
120 2714 134 2733 ¹
158 2715 252 2776 Tria
267 2717 399 2756 millia.
430 2718 513 2757 Has
524 2718 687 2769 legiones
702 2719 801 2757 adeo
894 2726 904 2736 ·’
925 2715 944 2734 ²
974 2717 1228 2769 Paganorum.
1260 2715 1422 2762 Eorum,
1449 2711 1614 2763 quinon

65 2778 310 2810 imminuerat
329 2772 524 2818 Vitellius,
559 2779 603 2810 ut
631 2773 802 2820 dimidia,
874 2771 1106 2811 militabant.

65 2829 136 2860 aut
172 2824 238 2862 vix
283 2825 444 2865 dimidia
485 2826 680 2878 legionum
716 2840 803 2879 pars
927 2822 1113 2871 ³‚Colonia
1125 2820 1470 2875 Agrippinensium.
1495 2818 1613 2856 Nunc

68 2883 199 2915 essent.
877 2878 1055 2931 Cotogne.
