2210 3978
448 168 546 217 AD
584 166 711 216 LIB.
747 167 838 215 IV.
876 165 1045 215 HIST.
1081 167 1139 215 C.
1175 165 1382 215 CORN.
1418 164 1670 217 TACITI.
1924 175 2019 224 581

150 299 190 328 ‘⁶'
213 293 406 366 Utique
432 295 617 365 quibus
642 294 860 363 legibus,
887 293 1121 364 plebeive
1147 293 1304 360 scitiS,
1343 294 1591 365 scriptum
1626 293 1724 347 fuit
1760 314 1823 347 ne
1852 285 2021 351 Divu}

77 387 366 457 AugustuS,
404 387 710 440 Tiberiusve
752 387 926 441 Julius
966 386 1141 442 Caesar
1165 389 1452 458 AugustuS,
1490 387 1834 458 Tiberiusque
1860 387 2020 442 Clau-

74 479 190 533 dius
217 479 392 532 Caesar
416 479 679 549 Augustus
709 478 1052 531 Germanicus
1078 489 1383 545 tenerentur,
1424 479 1483 532 iis
1519 478 1719 548 legibus
1746 478 2017 551 plebisque

75 571 213 625 scitis
239 571 528 641 Imperator
557 572 731 624 Caesar
757 571 1096 641 Vespasianus
1111 572 1317 624 solutus
1344 573 1437 638 sit;
1478 592 1694 643 quaeque
1718 592 1780 625 ex
1808 574 2017 645 quaque

71 663 203 733 lege,
242 663 522 734 rogatione,
564 664 759 716 Divum
787 663 1101 732 Augustum,
1138 664 1474 716 Tiberiumve
1514 664 1718 718 Julium
1756 664 2016 720 Caesarem

73 757 391 826 Augustum,
428 756 762 809 Tiberiumve
804 755 1082 808 Claudium
1125 756 1381 810 Caesarem
1409 757 1707 826 Augustum
1737 757 2015 812 Germani-

74 869 196 904 cum
242 852 411 903 facere
473 849 720 919 oportuit,
777 869 837 902 ea
883 849 1054 902 omnia
1094 848 1405 918 Imperatori
1451 849 1645 902 Caesari
1695 851 2012 920 Vespasiano

71 942 315 1012 Augusto
359 943 524 994 facere
562 941 761 994 liceat.''
834 939 960 993 Inde
1008 940 1345 994 manifestum
1377 953 1453 994 est
1494 962 1588 994 nec
1617 942 2010 1012 Vespasianum,

0 1102 3 1105 .
71 1052 166 1087 nec
195 1035 391 1100 priores
420 1034 689 1103 Principes
715 1027 954 1087 omnibus
980 1019 1178 1102 legibus
1218 1033 1370 1086 fuisse
1411 1034 1625 1087 solutos,
1702 1034 1774 1088 Iis
1814 1039 2010 1091 tantum

70 1126 272 1197 legibus
310 1138 399 1179 aut
436 1125 714 1196 plebiscitis
743 1125 900 1179 soluti
924 1136 1060 1190 sunt,
1101 1126 1287 1196 quibus
1314 1146 1483 1198 neque
1527 1127 1697 1179 Divus
1722 1121 2010 1197 Augustus,

0 1223 11 1234 ’
50 1237 237 1290 neque
261 1218 521 1283 Tiberius,
561 1238 725 1289 neque
768 1218 1018 1270 Claudius
1045 1220 1387 1281 tenebantur„
1444 1220 1648 1278 Quibus
1691 1232 1863 1274 autem
1904 1241 2009 1274 non

69 1322 358 1365 tenerentur
381 1311 590 1363 minime
616 1309 849 1377 dixerim,
887 1311 1006 1362 cum
1050 1311 1244 1380 priores
1288 1310 1427 1380 leges
1467 1311 1709 1381 imperii,'
1731 1313 1916 1383 quibus
1955 1314 2009 1365 id

4 1463 6 1468 ,
66 1405 440 1471 continebatur,
478 1404 735 1474 perierint.
814 1402 1074 1456 Novimus
1100 1413 1270 1456 tamen
1298 1424 1360 1456 ex
1391 1404 1582 1470 Dione,
1626 1422 1746 1457 Lv-r.
1787 1426 1842 1476 p.
1878 1412 2003 1459 582.

69 1498 141 1552 A.
168 1497 237 1551 U.
265 1498 330 1550 C.
370 1499 494 1556 762.
533 1499 828 1566 Augustum
870 1495 1097 1549 solutum
1139 1496 1295 1549 fuisse
1332 1496 1531 1566 legibus
1557 1497 1607 1549 in
1638 1499 1856 1567 petendo
1882 1518 2007 1551 con·
2083 1538 2086 1542 -

70 1591 258 1657 sulam,
294 1594 349 1645 τὸ
372 1591 457 1656 τήν
483 1590 708 1644 ὑπατείαν
733 1591 906 1642 θᾶσσον
929 1593 1062 1661 παρὰ
1085 1592 1138 1642 τὸ
1160 1588 1490 1658 νεμομισμένον
1515 1593 1698 1657 λαβεῖν.
1775 1590 2007 1660 Legibus

69 1673 277 1756 quoque
303 1683 658 1755 conjugalibus
686 1682 956 1751 Principes
983 1682 1138 1734 fuisse
1163 1681 1357 1735 solutos
1383 1682 1591 1753 conjicit
1616 1681 1843 1735 eruditus
1869 1683 2006 1736 Gra-

67 1778 199 1843 vina,
238 1785 272 1809 “
301 1776 538 1846 Origines
562 1777 598 1833 J
606 1777 707 1830 uris
735 1775 964 1840 Civilis,”
1004 1795 1054 1844 p.
1107 1783 1222 1828 140.
1299 1775 1458 1835 Quod
1499 1775 1634 1827 enim
1674 1777 1830 1828 habet
1854 1776 2006 1845 Ulpi-

67 1883 209 1936 anus,
251 1870 454 1940 Digest.
481 1869 597 1922 libr.
630 1887 668 1921 1.
711 1869 819 1921 Tit.
861 1875 912 1920 3.
966 1874 1003 1898 “
1029 1869 1091 1919 de
1135 1867 1368 1937 Legibus
1407 1878 1458 1919 et
1500 1869 2003 1933 senatusconsultis,”

0 1991 2 1998 =
49 1963 164 2034 leg.
191 1971 278 2018 31.
354 1970 386 1995 “
418 1962 667 2033 Princeps
688 1961 894 2031 legibus
920 1959 1117 2013 solutus
1143 1960 1267 2026 est‚”
1323 1960 1374 2011 id
1399 1971 1671 2030 acceptum
1699 1980 1761 2012 ex
1787 1960 2002 2030 Ulpiani

0 2039 29 2163 ἶ,
65 2056 442 2111 commentariis
468 2057 532 2108 ad
554 2054 721 2124 legem
746 2053 780 2107 J
788 2053 942 2113 uliam
968 2064 1018 2105 et
1059 2051 1297 2136 Papiam,
1336 2072 1449 2122 quae
1491 2052 1628 2122 leges
1667 2063 1784 2105 sunt
1823 2055 2002 2124 conju-

19 2150 222 2221 gales
277 2148 469 2202 Postea
492 2147 651 2201 crevit
668 2145 999 2215 Principum
1009 2145 1329 2210 immunitas;
1368 2164 1461 2197 nec
1491 2145 1797 2213 Principes
1785 2165 1835 2196 in
1854 2145 1999 2215 leges

0 2302 1 2306 Ἰ
56 2245 320 2346 jurabant.
396 2241 523 2294 Ideo
564 2241 817 2311 Trajanus
861 2236 1126 2308 tantopere
1170 2186 1404 2290 lauda'tus
1448 2236 1498 2287 3
1521 2236 1714 2301 Plinio,
1752 2237 1805 2288 in
1834 2237 2002 2297 Pane-

0 2339 12 2403 ’,
65 2336 393 2406 gyric.Lx1v
414 2345 466 2387 et
487 2351 624 2386 va.
647 2333 785 2403 quod
805 2342 1111 2400 processerit
1127 2350 1179 2383 in
1195 2341 1375 2395 rostra,
1393 2329 1837 2401 madscensumque
1849 2329 2000 2383 ellum

64 2429 310 2501 superbiae
338 2426 648 2496 Principum
675 2424 840 2477 locum
879 2419 1090 2489 triverit,
1131 2423 1183 2474 in
1206 2422 1372 2491 legem
1407 2422 1670 2493 juraverit,
1721 2441 1773 2473 se
1799 2421 1998 2490 legibus

63 2521 352 2593 subjecerit.
397 2518 552 2576 Quod
575 2537 684 2590 ego,
720 2516 975 2569 exclamat
1001 2515 1216 2581 Plinius,
1246 2515 1378 2568 nunc
1395 2515 1623 2584 primum
1649 2514 1824 2581 audio,
1861 2534 1997 2569 mmc

7 2667 9 2669 ,
53 2613 284 2685 primum
317 2613 468 2677 disce,
506 2630 606 2663 non
646 2619 716 2663 est
745 2609 998 2678 Princeps
1021 2627 1171 2679 super
1197 2607 1348 2678 legeS,
1386 2607 1475 2669 sed
1497 2606 1627 2678 leges
1650 2625 1806 2677 supra
1828 2605 1995 2660 Prin-

0 2724 2 2726 ’
61 2707 237 2778 cipem.
314 2703 725 2758 Celeberrimum
773 2720 980 2772 quoque
1012 2711 1088 2752 est
1128 2699 1460 2769 Imperatoris
1505 2699 1680 2752 Severi
1705 2698 1992 2753 Alexandri

0 2812 6 2820 *
64 2799 309 2853 effatum:
370 2795 521 2849 Licet
563 2797 695 2850 enim
739 2794 820 2846 lex
859 2793 1064 2863 imperii
1102 2792 1403 2844 solemnibus
1428 2792 1575 2863 juris
1620 2791 1995 2861 Imperatorem

21 2883 25 2890 ’
61 2891 269 2946 solverit
287 2913 311 2944 ‚a
341 2888 474 2942 nihil
490 2898 659 2941 tamen
679 2896 785 2939 tam
798 2886 1068 2958 propriu-m
1091 2884 1294 2955 imperii
1313 2893 1399 2950 est,
1425 2881 1577 2955 qudm
1596 2883 1791 2955 legibus
1805 2885 1991 2938 vivere.

7 3028 13 3034 .
65 2984 200 3039 Cod.
226 2983 344 3036 libr.
373 2999 469 3034 111.
505 2980 614 3033 Tit.
639 2979 701 3032 de
731 2978 949 3032 Testam.

137 3075 394 3146 “Utique
438 3091 756 3145 quaecunque
798 3083 911 3123 ante
966 3071 1096 3123 hanc
1146 3070 1312 3138 legem
1361 3079 1589 3137 rogatam
1639 3080 1768 3134 acta,
1831 3070 1991 3139 gesta,

65 3170 283 3232 decreta,
308 3166 556 3235 imperata
582 3167 648 3217 ab
665 3162 984 3233 Imperatore
1012 3162 1215 3215 Caesare
1240 3161 1556 3231 Vespasiano
1572 3160 1993 3232 Augusto‚jussu

0 3288 13 3323 ς
62 3263 369 3316 mandatuve
394 3258 502 3328 ejus
537 3277 568 3309 a
591 3275 800 3327 quoque
827 3266 960 3320 sunt,
999 3275 1059 3307 ea
1084 3254 1291 3324 perinde
1307 3254 1448 3325 justa
1475 3265 1683 3323 rataque
1701 3253 1823 3319 sint,
1862 3274 1925 3306 ac
1948 3255 1992 3307 si

64 3351 251 3428 po‘puli
276 3350 543 3421 plebisve
521 3368 670 3421 jussu
695 3358 811 3401 acta
834 3360 1016 3402 essent.
1019 3347 1048 3369 '’
1122 3347 1256 3399 Haec
1280 3344 1364 3398 lex
1391 3343 1824 3426 {magistratibus
1852 3346 1994 3398 duci-

0 3384 19 3548 Ξ
63 3448 264 3516 busque
289 3442 644 3497 Flavianarum
670 3442 890 3511 partium
918 3450 1111 3510 rogata.
1185 3438 1347 3497 Quod
1365 3437 1484 3490 verb
1510 3437 1742 3491 additur:
1771 3437 1991 3508 perinde

0 3534 18 3605 ᾗ
49 3539 200 3611 justa
227 3543 445 3607 rataque
467 3534 586 3599 sint,
626 3553 686 3587 ac
727 3533 770 3586 si
805 3531 987 3604 populi
1017 3531 1244 3604 plebisve
1271 3531 1424 3602 jussu
1463 3537 1584 3583 acta
1624 3537 1800 3595 essent,
1837 3529 1892 3581 id
1927 3547 1991 3582 ex

0 3608 31 3767 3
52 3652 55 3656 ,

0 3746 38 3978 ἱ·
