1786 3204
629 105 1053 157 BREVIARIUM.

65 251 221 327 apud
263 246 675 323 Vespasianum
723 245 1047 303 criminatur
1095 244 1418 303 Mucianus.
1515 254 1607 305 53.

55 338 349 404 'Antonius
376 345 626 419 superbis
654 343 724 398 ad
749 342 1157 414 Vespasianum
1193 342 1361 398 liten's
1387 344 1445 398 id
1473 362 1611 417 que-

66 446 220 501 ritus.
288 443 442 518 *Inde
467 459 658 516 graves
681 439 1015 494 Mucianum
1044 440 1187 494 inter
1211 447 1269 494 et
1294 440 1612 496 Antonium

69 541 397 596 simultates
475 544 566 595 54.
620 536 897 600 Vitellius,
941 536 1113 591 stulta
1153 536 1610 604 dissimulatione,

66 638 369 693 fractarum
396 635 550 709 apud
585 632 916 688 Cremonam
954 651 1134 689 rerum
1170 635 1397 688 nuntios
1424 635 1612 690 occul-

73 743 174 790 tat.
231 733 513 788 Notabilis
543 731 860 788 constantia
887 730 1241 785 centurionis,
1319 734 1410 787 55.
1437 729 1615 785 Vitel-
1674 803 1675 806 Ἴ

72 831 196 896 lius,
251 838 318 885 ut
357 830 390 886 ὲ
444 828 639 884 somno
683 828 919 891 excituS‚
960 825 1327 898 Apenninum
1373 827 1616 882 obsideri
1675 807 1679 814 ’Ἰ

62 927 266 1002 ιᾗιιὶκτῖε,
315 927 550 982 honores
590 925 851 998 largitur:
902 923 1131 977 tandem
1172 922 1291 994 ipse
1332 922 1392 976 in
1433 912 1618 978 castra

72 1026 243 1080 venit.
322 1024 412 1081 56.
454 1020 761 1096 Prodigia·
810 1020 1168 1093 Praecipuum
1210 1019 1329 1092 ipse
1358 1018 1617 1075 Vitellius

74 1129 392 1177 ostentum:
446 1122 668 1194 ignarus
721 1119 951 1187 militiae,
993 1117 1337 1190 improvidus
1383 1096 1616 1183 consilii,

67 1218 318 1274 'Romam
343 1219 583 1273 revertit.
662 1222 751 1280 57.
794 1215 1230 1270 Puteolanorum
1268 1214 1324 1268 in
1358 1213 1620 1288 Vespasi-

77 1335 248 1371 anum
266 1316 479 1371 studia.
540 1313 750 1370 Contra
777 1312 978 1386 Capua
1005 1310 1231 1365 Vitellio
1257 1310 1387 1364 fida.
1452 1309 1620 1365 Clau·

76 1414 201 1469 dius
246 1412 506 1469 Julianus
556 1409 847 1465 Vitellium
899 1408 1103 1481 prodit,
1154 1415 1212 1464 et
1260 1407 1620 1462 Tarracinam

77 1519 340 1584 occupat.
416 1515 506 1565 58.
549 1508 616 1563 L.
645 1507 902 1562 Vitellius
930 1505 1208 1580 ingruenti
1244 1523 1345 1578 per
1377 1503 1621 1577 Campa-

77 1609 228 1663 niam
267 1608 413 1662 bello
440 1598 761 1682 opponitur.
839 1605 929 1660 Ex
957 1603 1122 1677 plebe
1148 1611 1210 1657 etv
1233 1601 1464 1662 servitiis
1490 1601 1623 1674 legi-

80 1715 171 1760 tur
204 1707 261 1760 in
292 1705 452 1760 Urbe
477 1705 770 1760 exercitus.
849 1701 1230 1777 Atpaulatim
1257 1708 1535 1755 senatores
1562 1705 1623 1753 et
1660 1681 1662 1683 V

79 1803 298 1876 equites
362 1802 701 1857 dilabuntur.
798 1805 889 1864 59.
951 1799 1203 1855 Flaviani
1255 1795 1624 1870 Apenninum

32 1881 35 1883 A
82 1907 402 1956 transeunt:
464 1898 727 1953 Petilium
781 1894 1227 1960 Cerialem,‘illic
1274 1892 1521 1955 obvium,
1566 1896 1626 1945 et

83 1997 294 2052 Vitellii
319 1995 600 2052 custodias
622 1996 895 2068 elapsum,
926 1995 1078 2048 ‘inter
1103 1992 1276 2048 duces
1301 1989 1623 2052 adsumunt.

84 2094 175 2150 60.
218 2094 416 2158 Iidem,
473 2112 677 2166 pugnae
717 2091 884 2156 avidi,
922 2090 1174 2146 oratione
1209 2086 1444 2144 Antonii
1481 2084 1628 2168 miti-

83 2199 301 2265 gantur.
379 2189 469 2246 61.
528 2188 728 2244 Unum
770 2201 907 2247 tunc
943 2187 1097 2261 apud
1133 2178 1463 2250 Vitellianos
1506 2197 1629 2254 per.-

85 2288 232 2342 fidiae
254 2296 553 2343 certamen.
633 2285 856 2340 Priscus
878 2291 936 2338 et
956 2283 1248 2357 Alphenus
1271 2291 1454 2336 castra
1472 2278 1628 2334 dese·
1661 2285 1664 2288 ’

86 2392 234 2440 runt.
293 2383 385 2439 62.
414 2382 590 2438 Nullo
609 2384 731 2458 jam
758 2382 1085 2456 proditionis
1111 2379 1344 2454 pudore,
1366 2387 1630 2446 cassoque

87 2480 345 2546 Valente,
398 2479 731 2536 Vitellianus
787 2481 943 2557 miles
990 2480 1050 2535 in
1095 2476 1389 2547 Flavianas
1441 2479 1634 2548 partes-

88 2575 300 2632 transit.
397 2577 488 2643 63,
548 2578 751 2651 Agitur
802 2596 932 2633 cum
986 2574 1232 2639 Vitellio,
1281 2580 1349 2632 ut
1398 2568 1630 2643 imperio

6 2738 11 2743 ,
87 2673 286 2735 cedat3
339 2692 445 2729 nec
495 2673 823 2734 reluctatur.
897 2674 988 2732 64.
1027 2672 1124 2729 Ad
1168 2689 1324 2729 arma
1366 2670 1632 2727 incitatur

89 2769 314 2826 Flavius
340 2769 601 2843 Sabinus,
638 2772 971 2848 Vespasiani
995 2772 1193 2827 frater:
1234 2769 1328 2825 sed
1355 2768 1632 2832 invalidus

84 2868 337 2941 *senecta²
395 2868 742 2926 conditiones
792 2870 949 2944 pacis
988 2886 1120 2926 cum
1167 2864 1393 2922 Vitellio
1439 2865 1631 2939 agitat.

357 2977 477 3014 voi..
513 2977 593 3014 111.
1393 2977 1434 3010 M
