2210 3984
215 172 314 224 564
727 175 935 223 NOTAE
972 174 1057 221 ET
1091 174 1193 223 EM
1201 175 1291 224 EN
1300 176 1649 233 DATIONES

218 311 295 356 est
341 293 580 371 Lupano.
657 302 745 355 Sic
791 304 930 371 apud
954 302 1244 372 Virgilium,
1282 323 1435 374 quem
1480 324 1616 376 saepe
1661 303 1888 358 imitatur
1909 303 2142 372 Tacitus,

222 394 468 449 Daedalus
503 395 653 461 Icari,
691 394 782 446 filii
811 394 904 459 sui,

561 586 594 608 “
615 581 696 629 Bis
721 587 921 630 conatus
945 588 1048 631 erat
1071 599 1211 631 casus
1235 582 1530 647 effingerein
1553 599 1700 641 aur0;

621 687 704 735 Bis
728 687 896 752 patriae
921 688 1142 737 cecidere
1164 691 1380 737 manus.”

1087 768 1260 862 Virgil.
1285 797 1475 847 AEneid.
1496 811 1578 847 VI.
1621 805 1704 847 32.

1255 890 1290 902 κ

301 964 525 1019 Navatce
550 971 727 1038 ope'rae.
801 966 1062 1036 Ita‘vulgo
1085 968 1257 1020 MSS.
1283 980 1334 1020 et
1359 979 1550 1021 veteres
1571 966 1978 1038 recentioresque
2001 958 2151 1020 editi-

226 1078 365 1110 ones.
443 1058 590 1110 Male
633 1059 861 1127 Ryckius
900 1061 927 1112 ὲ
970 1060 1140 1112 MSS.
1182 1061 1319 1112 Bud.
1350 1061 1506 1114 Bodl.
1533 1062 1663 1130 Agr.
1703 1060 1878 1126 edidit,
1915 1067 2149 1138 cnavatae

226 1170 402 1222 operae.
477 1150 539 1203 In
566 1151 696 1204 MS.
724 1151 877 1203 Bodl.
906 1151 1072 1222 prim&
1100 1172 1254 1204 manu
1275 1153 1538 1222 scriptum,
1555 1161 1776 1206 navatae.
1804 1171 1829 1204 e
1854 1150 2149 1223 superaddi-

227 1254 335 1297 tum
359 1264 512 1296 manu
532 1244 830 1297 recentiore.
908 1243 970 1296 In
998 1245 1126 1298 MS.
1155 1244 1316 1297 Corb.
1343 1255 1601 1299 evacuatce
1627 1265 1806 1317 operae.

305 1336 357 1389 T
353 1357 434 1389 unz
461 1336 761 1408 confossum.
839 1336 1012 1389 MSS.
1035 1337 1197 1389 Corb.
1225 1349 1276 1390 et
1295 1337 1422 1406 Agr.
1440 1348 1577 1391 tunc.

296 1418 538 1482 'Abscisa
615 1428 697 1481 Ita
739 1429 910 1482 MSS.
939 1430 1070 1499 Reg.
1102 1430 1263 1482 Corb.
1288 1430 1443 1482 editio
1470 1430 1709 1501 princeps
1741 1440 1793 1484 et
1829 1429 2153 1484 recentiores,

231 1521 405 1574 MSS.
433 1521 584 1574 Harl.
614 1521 769 1574 Bodl.
797 1523 829 1576 J
837 1542 906 1574 es,
941 1532 992 1574 et
1018 1521 1353 1588 PuteolanuS,
1380 1523 1612 1576 abscisso·
1685 1522 1827 1576 Vide.
1842 1523 1954 1594 jam
1979 1530 2154 1576 notata

230 1632 384 1682 supra
408 1614 459 1666 in
478 1625 585 1667 not.
611 1625 663 1667 et
686 1616 883 1671 emend.
916 1617 979 1667 ad
1006 1613 1148 1667 Hist.
1178 1632 1245 1667 11.
1276 1621 1361 1668 88.

308 1800 458 1853 CAP.
485 1808 572 1860 75.
614 1800 684 1852 In
711 1798 992 1870 republicd.
1068 1798 1149 1853 lta
1173 1800 1291 1854 libri
1318 1820 1496 1854 omnes
1521 1801 1697 1871 scripti
1721 1810 1774 1854 et
1801 1800 1940 1854 editi.
2015 1776 2154 1855 Haec

232 1905 403 1948 tamen
427 1905 667 1964 suspecta
683 1896 840 1946 habet
859 1893 1124 1946 Ernestus.
1201 1893 1356 1946 Certe
1385 1893 1424 1946 si
1448 1897 1698 1959 abessent,
1723 1893 1933 1946 minime
1959 1892 2155 1949 deside-

232 2007 313 2041 rai
315 1998 476 2040 entur
554 1986 630 2039 Ni
655 1987 789 2039 forte
819 1986 940 2059 quid
965 1985 1289 2039 humanitatis
1314 1986 1399 2039 hic
1425 1985 1593 2051 lateat,
1619 1986 1795 2057 quod
1781 2006 1834 2040 ln
1866 1982 2154 2058 republica,

231 2099 335 2133 non
359 2081 410 2131 in
435 2079 665 2132 civilibus
691 2078 836 2131 bellis
862 2079 1114 2149 stipendia
1140 2079 1337 2132 fecerit.

308 2173 638 2245 Militiaeque.
721 2171 853 2237 (lue,
878 2172 1070 2230 abest
1047 2191 1078 2224 a
1106 2172 1233 2226 MS.
1261 2171 1424 2226 Corb.
1445 2182 1498 2225 et
1520 2171 1739 2225 editione
1763 2139 2028 2243 principe.

310 2266 673 2320 Innocentiam
680 2265 1062 2337 justitiamque
1138 2262 1435 2331 Justz'tz‘am,
1468 2267 1612 2318 abest
1634 2263 1665 2316 εὶ
1690 2263 1820 2317 MS.
1849 2264 2012 2318 Corb.

310 2358 558 2413 Diremtd
615 2357 953 2412 aemulatione.
1042 2358 1187 2411 Bene
1235 2357 1510 2425 Rhenanus
1576 2368 1626 2410 et
1684 2357 2005 2411 recentiores·
2093 2357 2159 2411 In
2189 2392 2193 2395 ,

236 2454 410 2508 MSS.
437 2465 488 2506 et
511 2451 766 2505 veteribus
786 2450 1114 2518 editionibus,
1140 2450 1357 2522 direptd.
1432 2449 1561 2506 MS.
1585 2450 1696 2504 JeS.
1726 2449 1983 2520 direptam
2007 2460 2159 2505 cemu-

233 2548 498 2602 lationem.

313 2638 433 2692 Sive
476 2646 654 2708 aptum
691 2635 906 2707 tempo-ri
946 2635 1268 2689 mendacium
1291 2635 1472 2709 fuit.'
1508 2636 1639 2689 MS.
1676 2636 1788 2690 Jes.
1829 2635 1932 2689 sive
1977 2644 2158 2708 aptum

234 2742 446 2804 tempori
439 2729 651 2803 fuerit

312 2919 463 2972 CAP.
492 2918 578 2976 76.
619 2915 806 2970 Intuta
830 2915 1085 2975 maenium.
1162 2911 1220 2967 N
1224 2932 1292 2966 on
1324 2914 1395 2966 ita
1420 2912 1673 2983 eleganter
1697 2911 1828 2966 MS.
1850 2913 1962 2968 Jes.
1986 2910 2158 2968 intuta

235 3012 708 3175 moeggcizquirendi&
787 3099 906 3152 Nec
930 3098 1062 3152 bene
1089 3096 1218 3152 MS.
1246 3097 1409 3151 Corb.
1434 3097 1783 3169 adquirendis.

315 3281 465 3333 CAP.
492 3286 580 3338 77.
621 3278 716 3331 Ad
741 3278 809 3331 L.
842 3276 1122 3331 Vitellium.
1177 3275 1375 3354 Vitellii
1398 3293 1693 3347 praenomen
1717 3273 1892 3348 omisit
1912 3273 2157 3344 Pichetw,

216 3423 223 3439 .-
237 3373 372 3428 forte
397 3390 670 3441 operarum
694 3389 881 3425 errore.
2173 3352 2210 3437 ,ae

320 3464 553 3536 Verginii
582 3462 870 3534 Capitonis.
943 3461 1027 3516 Ita
1054 3460 1373 3516 Puteolanus
1398 3471 1451 3515 et
1482 3455 1806 3524 recentiore&
1878 3451 1957 3518 In„
1982 3461 2157 3517 MSS.

240 3559 325 3613 hie
369 3568 421 3612 et
461 3557 592 3611 infra
636 3556 780 3612 Hist.
814 3575 894 3610 lv.
927 3561 980 3611 5.
1040 3561 1074 3589 “
1093 3555 1308 3626 Vergilii
1326 3555 1356 3580 ''
1400 3565 1489 3610 aut
1531 3562 1570 3588 “
1589 3553 1790 3626 Virgilii
1840 3552 2160 3627 Capitonislf
