1786 3204
183 165 273 208 ,13⁷
670 165 718 202 o.
746 159 1010 202 CORNELII
1038 158 1228 200 ‘morri
1429 162 1480 200 A.
1501 162 1552 201 U.
1569 163 1616 202 C·
1637 167 1731 205 δυ.

136 328 140 332 ,
180 271 313 320 miles
334 269 383 318 in
405 268 592 318 arbitrio
623 269 816 325 ducum,
850 266 933 314 sed
962 265 1105 327 duces
1134 263 1317 313 militari
1337 264 1555 316 violentia
1576 265 1729 318 maluhi.

180 350 365 397 bantur.
437 349 559 410 Quae
591 345 835 402 seditiosa,¹
861 338 906 391 et
929 343 1287 406 corrumpendae
1307 343 1578 408 disciplinae,
1611 356 1728 396 mox

182 427 231 476 in
254 426 460 490 praedam
482 424 705 480 vertebat,
729 421 841 468 nihil
876 422 1199 468 adventantem
1233 419 1506 470 Mucianum
1539 423 1729 484 veritus,
1762 406 1768 414 κ

184 504 313 570 quod
337 501 571 551 exitiosius
592 511 706 558 erat,
726 498 870 563 quam
887 497 1219 561 Vespasianum
1241 498 1477 563 sprevisse.

253 666 333 707 50.
372 660 640 707 CETERU'M
677 652 939 719 propinqua
974 653 1144 712 hieme,
1181 663 1226 700 et
1265 653 1562 703 humentibus
1599 655 1729 704 Pado

184 736 377 800 campis,
433 734 701 799 expeditum
757 748 926 797 agmen
978 730 1205 779 incedere.
1274 731 1417 797 Signa
1471 731 1730 798 aquilaeque

186 814 443 862 victricium
480 812 734 877 legionum,
764 809 930 856 milites
964 808 1233 857 vulneribus
1266 820 1346 856 aut
1380 820 1513 858 aetate
1547 824 1731 876 graves,

189 892 398 956 plerique
435 890 571 938 etiam
605 887 787 952 integri,
825 889 1026 936 Veronae
1064 884 1238 935 relicti:
1274 887 1482 935 sufficere
1515 888 1732 937 cohortes

187 971 383 1034 alaeque,
418 980 463 1016 et
497 967 523 1024 ὲ
548 967 804 1032 legionibus
844 964 966 1024 lecti,
1005 965 1248 1031 profligato
1281 967 1378 1031 jam
1410 965 1572 1023 bello,²
1604 965 1729 1014 vids

188 1049 370 1095 bantur.
439 1045 702 1095 Undecima
732 1043 853 1109 legio
882 1060 980 1092 sese
1013 1044 1303 1109 adjunxerat,
1337 1043 1463 1091 initio
1485 1053 1730 1103 cunctata3

191 1127 274 1173 sed
314 1123 545 1189 prosperis
583 1124 724 1171 rebus
772 1120 925 1180 anxia,
969 1121 1101 1186 quod
1151 1120 1381 1170 defuisset.
1452 1123 1547 1170 Sex
1590 1121 1733 1170 mil-lia

189 1203 530 1261 Dalmatarum,
582 1218 744 1250 recens
796 1201 1019 1258 delectus,
1077 1200 1425 1249 comitabantur.
1516 1200 1733 1253 Ducebat
1759 1192 1766 1201 ’

189 1280 438 1344 Pompeius
484 1280 730 1338 Silvanus,³
776 1278 1060 1327 consularis:
1119 1278 1187 1326 vis
1236 1277 1533 1326 consiliorum
1589 1293 1733 1342 penes

191 1358 403 1406 Annium
426 1359 640 1416 Bassum,
665 1356 857 1422 legionis
880 1356 1114 1423 legatum:
1151 1356 1188 1403 is
1211 1356 1467 1415 Silvanum,
1489 1347 1733 1408 socordem

188 1437 331 1495 bello,
357 1447 400 1483 et
424 1435 519 1483 dies
549 1452 707 1484 rerum
723 1438 742 1464 4
763 1435 914 1483 verbis
937 1446 1179 1493 terentem,
1202 1434 1352 1498 specie
1374 1432 1581 1498 obsequii
1595 1431 1735 1500 'rege‘z

188 1515 285 1573 bat,
307 1514 365 1561 ad
386 1513 652 1578 omniaque,
677 1531 782 1577 quae
805 1513 984 1577 agenda
1005 1511 1176 1570 forent,
1199 1510 1353 1577 quieta
1376 1527 1484 1559 cum
1505 1509 1732 1560 industri&

188 1592 359 1639 aderat.
418 1591 498 1638 Ad
516 1591 597 1641 has
615 1590 786 1655 copias,
810 1590 835 1638 ὲ
861 1590 1054 1638 classicis
1074 1590 1416 1638 Ravennatibus
1433 1587 1731 1654 legionariam
1762 1617 1767 1619 <

190 1669 399 1716 militiam
450 1669 772 1733 poscentibus,
808 1668 1009 1732 optimus
1054 1667 1248 1735 quisque
1299 1665 1485 1716 adsciti:
1538 1667 1731 1717 classem

190 1748 421 1796 Dalmatae
476 1748 763 1811 supplevere.
856 1746 1101 1797 Exercitus
1156 1746 1390 1809 ducesque
1444 1746 1502 1793 ad
1551 1739 1731 1791 Fanum

190 1827 440 1877 Fortuna-⁵
471 1825 557 1872 iter
591 1825 771 1883 sistunt,
807 1824 865 1871 de
888 1823 1072 1871 summa
1098 1840 1256 1871 rerum
1287 1833 1569 1880 cunctantes,
1598 1821 1731 1886 quod

189 1908 224 1930 ‘⁶
259 1913 407 1950 motas
430 1920 489 1950 ex
526 1904 661 1950 Urbe
684 1902 920 1966 praetorias
943 1902 1157 1950 cohortes
1173 1902 1204 1922 ’'
1240 1900 1494 1958 audierant,
1516 1910 1561 1949 et
1588 1898 1733 1947 teneri

189 1980 412 2046 praesidiis
441 1970 745 2044 Apenninum
775 1981 1023 2027 rebantur:
1060 1989 1106 2027 et
1139 1978 1277 2042 ipsos,
1307 1978 1355 2024 in
1389 1976 1577 2042 regione
1608 1974 1735 2025 belle

191 2056 361 2116 attrita,
394 2057 546 2122 inopia
570 2069 614 2105 et
648 2057 873 2115 seditiosae
905 2056 1103 2103 militum
1134 2073 1271 2103 voces
1301 2056 1550 2112 terrebant,
1581 2054 1732 2102 clava-

191 2132 347 2184 rium⁶
392 2134 617 2201 (donativi
648 2151 821 2185 nomen
861 2133 954 2197 est)
988 2132 1318 2200 flagitantium:
1354 2149 1439 2184 nec
1473 2130 1736 2198 pecuniam,

998 2353 1120 2391 rendis
1140 2353 1310 2390 itionem.
1630 2394 1633 2398 ,

1053 2406 1066 2427 ⁵
1097 2408 1162 2445 Ad
1197 2407 1339 2443 fanum
1376 2405 1563 2443 Fortunae.
1609 2403 1731 2440 Nune

1004 2462 1120 2507 Fano,
1140 2461 1176 2497 in
1198 2461 1356 2498 Urbitzo.
1526 2475 1529 2478 ·
1678 2455 1686 2462 ”

250 2350 262 2369 ¹
288 2352 381 2397 Quoe
399 2353 591 2391 seditiosa.
621 2354 722 2398 Quae
740 2354 931 2400 seditiosa,

194 2413 232 2443 et
260 2407 307 2443 ad
337 2409 658 2457 corrumpendam
687 2408 930 2459 disciplinam

195 2460 426 2510 excogitata,
446 2474 537 2498 mox
566 2461 605 2498 in
626 2462 793 2512 praedam
812 2470 933 2499 verte-

194 2515 275 2559 bat,
289 2521 327 2554 et
341 2514 364 2551 a
379 2515 559 2561 ducibus,
577 2515 732 2553 militari
751 2515 929 2554 violentia

195 2569 340 2613 tractis,
362 2569 568 2619 pecuniam
588 2570 776 2619 exigebat.

250 2619 268 2639 ²
302 2622 516 2674 Prqfligato
540 2626 627 2674 jam
664 2624 771 2661 bello.
819 2623 930 2661 Bello

195 2676 303 2726 paene
322 2677 511 2716 confecto.
543 2678 640 2714 Vide
664 2690 750 2727 quae
780 2677 826 2714 dc
855 2677 930 2715 hoc

196 2730 310 2767 verbo
329 2738 459 2768 notata
474 2738 563 2767 sunt.
578 2742 695 2781 snpra
710 2732 812 2769 Hist.
828 2743 878 2769 11.
892 2723 944 2769 4.'

250 2780 264 2802 ³
303 2784 499 2834 Pompeius
542 2784 731 2823 Silvanus.
790 2786 932 2827 Rector

196 2836 418 2928 DalrrGiatiae,
445 2844 489 2875 ut
507 2837 672 2876 vidimus
689 2851 807 2890 supra.
827 2840 930 2878 nist.

195 2905 244 2930 11.
268 2896 288 2929 8
322 2920 332 2929 .

247 2944 267 2967 4
294 2945 391 2986 Dies
418 2959 551 2984 rerum.
601 2946 695 2984 Dies
733 2948 846 2985 rebus
871 2960 934 2998 ge·

1054 2512 1071 2531 ⁶
1118 2514 1345 2553 Cla-carium.
1403 2513 1639 2551 Donativmn
1662 2508 1730 2547 'ad

999 2570 1177 2606 emendos
1218 2568 1346 2606 clavos
1387 2566 1592 2617 caligares,''
1627 2564 1732 2612 unde

1000 2623 1202 2661 dicebatur
1229 2622 1458 2659 clavarium.-
1490 2622 1544 2659 sic
1573 2619 1626 2656 ad*
1652 2617 1733 2656 cal-³

1000 2689 1086 2715 ceos
1116 2677 1293 2714 emendos
1325 2676 1471 2713 dictum
1497 2673 1734 2717 calcemum,

999 2731 1104 2780 apud
1136 2729 1362 2768 Suetonium
1392 2729 1430 2767 in
1455 2728 1614 2780 Vesperi.
1633 2726 1734 2765 v'iuss

1000 2785 1054 2823 sic
1066 2797 1221 2835 quoque
1232 2782 1534 2834 unguentarium,
1551 2779 1735 2832 unguenti

1001 2839 1152 2875 nomine
1169 2838 1316 2876 datum.
1353 2837 1482 2874 Mores
1502 2835 1620 2885 hujus
1638 2836 1734 2881 tems·

975 2897 977 2901 '
1000 2892 1102 2944 poris
1119 2891 1328 2929 illustrabit
1339 2891 1482 2941 insigne
1498 2888 1734 2941 exemplum.

1000 2946 1193 2986 Hostilius
1211 2946 1409 2992 Fhmicus,
1435 2932 1584 2995 legatia&
1605 2936 1735 2984 Mar-3
