1786 3204
44 163 87 206 J.
103 163 151 204 C.
170 157 239 208 69·
392 148 791 198 HISTORIARUM
819 148 985 194 LIBER
1010 150 1256 195 TERTIUS.
1518 160 1602 200 241·

47 264 498 322 CONSERVATOMJ
532 277 754 326 aramque
787 259 958 324 posuit,
992 276 1124 314 casus
1162 272 1272 314 suos
1292 258 1342 308 in
1363 276 1598 313 marmore

42 343 349 410 expressam-²
413 341 537 388 Mox
558 337 806 403 imperium
827 337 1038 401 adeptus,
1067 353 1177 386 ῙονΙ
1204 342 1458 387 c-vsrom3
1482 351 1600 388 tem-

44 421 195 487 plum·
213 420 395 486 ingens,
427 434 570 482 seque
591 416 641 463 in
662 415 765 464 sinu
781 414 875 463 Dei
904 415 1110 464 sacravit.
1180 416 1377 465 Sabinus
1407 428 1453 465 et
1474 418 1599 466 Atti-

45 516 148 558 cus,
197 496 374 546 onerati
408 494 596 553 catenis,
645 505 692 542 et
729 494 788 541 ad
827 492 1071 541 Vitellium·
1105 493 1250 552 ducti,
1299 509 1597 560 nequaquam

44 574 212 624 infesto
235 591 449 624 sermone
471 573 698 636 vultuque
720 570 1032 635 excipiuntur,
1065 569 1387 631 frementibus,
1420 572 1500 637 qui
1517 575 1598 639 jus

45 653 205 714 eaedis,
251 664 298 702 et
335 650 526 718 praemia
568 661 744 698 navatae
784 666 957 714 operae,
995 651 1228 713 petebant.
1300 650 1521 699 Clamore
1565 651 1596 699 a

45 730 271 796 proximis
292 741 415 788 orto,
448 728 632 777 sordida
652 744 758 792 pars
778 726 926 791 plebis
950 726 1228 790 supplicium
1250 724 1416 775 Sabini
1428 745 1597 792 exposa·

46 808 126 868 cit,
173 808 320 856 minas
354 806 728 870 adulationesque
763 805 937 853 miscet.
1007 802 1215 852 Stantem
1250 821 1337 868 pro
1373 806 1599 869 gradibus

46 885 199 951 palatii
221 885 477 943 Vitellium,
511 896 556 932 et
593 900 752 947 preces
790 893 1046 946 parantem,
1079 882 1314 946 pervicere
1337 893 1390 930 ut
1410 882 1595 931 absiste-

46 974 134 1012 ret.
201 963 331 1010 Tum
367 960 636 1010 confossum
671 959 1123 1024 conlaceratumque,
1151 971 1202 1007 et
1236 960 1412 1026 absciso
1448 961 1599 1026 capite

44 1051 265 1090 truncum
287 1056 457 1104 corpus
479 1037 634 1088 Sabini
655 1038 703 1086 in
728 1037 1014 1087 Gemonias4
1034 1037 1238 1086 trahunt.
1297 1040 1299 1043 ’

117 1197 336 1250 75.·H1c
374 1196 525 1246 exitus
545 1196 630 1246 viri
652 1195 777 1245 haud
811 1195 920 1245 sane
956 1192 1217 1261 spernendi.
1289 1196 1511 1262 Quinque
1547 1210 1594 1248 et

46 1273 237 1341 triginta
264 1274 487 1339 stipendia
507 1274 556 1323 in
578 1273 823 1340 republica*
843 1274 1033 1333 fecerat,
1067 1273 1195 1322 domi
1215 1274 1482 1339 militiaeque
1502 1277 1596 1324 elaa-

47 1368 144 1400 rus.
193 1353 506 1401 Innocentiam
523 1353 835 1419 justitiamque
857 1355 955 1418 ejus
976 1369 1072 1400 non
1095 1369 1341 1417 argueres:
1367 1353 1594 1403 sermonis

42 1429 219 1478 himins
258 1442 384 1479 erat:
435 1431 484 1478 id
523 1447 671 1479 unum
687 1433 702 1459 ⁵
740 1442 917 1495 septem
955 1430 1101 1489 annis,
1136 1429 1304 1494 quibus
1338 1431 1558 1479 Moesiam
1573 1451 1593 1492 ς

48 1507 314 1575 duodecim,
348 1508 516 1573 quibus
538 1506 863 1573 praefectur'am
885 1507 1031 1555 Urbis
1053 1507 1268 1566 obtinuit,
1290 1507 1597 1557 calumniatus

48 1595 118 1632 est
138 1601 330 1633 rumor:
365 1585 414 1633 in
436 1587 529 1634 fine
550 1586 673 1645 vitae,
706 1585 781 1633 alii
802 1601 1012 1650 segnem,
1045 1584 1180 1632 multi
1202 1586 1512 1644 moderatum,
1546 1597 1594 1634 et

47 1661 219 1710 civium
257 1664 490 1729 sanguinis
529 1681 721 1729 parcum
760 1664 1012 1712 credidere.

104 1796 119 1814 ¹
149 1797 334 1837 Sacellum
373 1801 467 1839 Jovi
505 1800 785 1840 Conservatori.

50 1851 144 1890 Inde
163 1851 200 1890 in
218 1852 349 1891 aversa
376 1855 632 1906 plurimorum
652 1853 785 1893 Domi-

48 1906 142 1944 tiani
158 1919 403 1946 nummorum
418 1910 554 1959 parteJ
562 1910 685 1960 upiter
698 1917 785 1956 stat,

49 1960 186 1998 dextra
205 1960 362 2008 fulmen,
388 1962 539 2000 sinistra
560 1964 706 2002 hastam
731 1971 786 2001 te-

45 2026 247 2059 nens,cum
261 2016 466 2066 epigraphe
480 2017 589 2055 IGV
600 2019 630 2056 1.
643 2018 718 2057 CO
730 2019 786 2055 N-

49 2068 429 2108 SERVATORI.
459 2070 540 2109 SC.
567 2071 607 2108 id
626 2081 693 2118 est,
722 2072 788 2110 Se-

49 2120 164 2160 natae
186 2124 368 2161 consulto.
424 2124 619 2162 Sacellum
642 2137 786 2176 araque

50 2175 156 2213 fuere
176 2176 214 2212 in
235 2177 431 2227 Capitolio
459 2178 558 2216 inter
575 2180 785 2231 Capitolini

48 2236 88 2266 et
122 2229 302 2268 Custodis
328 2231 432 2269 Jovis
466 2233 622 2283 templa.
677 2235 787 2272 Duas

50 2294 151 2330 aras,
186 2285 416 2334 symmetria:
448 2287 540 2324 sane
576 2289 706 2334 causa,
746 2289 785 2325 in

1014 1631 1049 1686 χ
1083 1663 1229 1726 Quod
1270 1662 1391 1711 inter
1428 1679 1592 1712 omnes

854 1800 947 1838 tiani
973 1799 1136 1845 nummi,
1164 1799 1204 1836 in
1222 1799 1364 1850 quibus
1384 1799 1592 1851 epigraphe

856 1853 1009 1893 IOVI.
1046 1853 1335 1892 CVSTODI.
1372 1853 1451 1891 SC.
1479 1854 1593 1905 Jupi-

855 1915 912 1945 ter
938 1908 1068 1945 sedens
1087 1907 1223 1945 dextra
1241 1908 1516 1954 Victoriolam,
1542 1907 1600 1945 si-·

854 1962 975 2000 nistra
992 1962 1137 2011 hastam
1154 1969 1268 2011 tenet.
1322 1961 1528 2012 Templum
1545 1960 1594 1998 il-

854 2015 924 2053 lud
945 2017 1072 2066 ingens
1098 2013 1172 2052 fuit
1190 2015 1229 2051 in
1246 2014 1457 2066 Capitolio,
1487 2015 1599 2052 ultra·

854 2070 1041 2120 templum
1060 2070 1164 2107 Jovis
1191 2068 1413 2118 Capitolini,
1440 2075 1478 2106 et
1508 2078 1593 2119 gra-

855 2124 968 2160 dibus
985 2123 1156 2174 'l'arpeiae
1173 2123 1278 2172 rupis
1297 2123 1530 2173 proximum.

908 2175 928 2197 4
954 2177 1004 2215 In
1037 2175 1248 2215 Gemonias.
1305 2177 1414 2222 Quas
1448 2176 1515 2213 alii
1551 2189 1592 2213 m

856 2242 959 2268 xn1.
993 2230 1108 2268 Urbis
1142 2229 1305 2280 regione,
1322 2230 1452 2280 eaque
1483 2237 1599 2279 parte

855 2285 1039 2323 Aventini
1074 2284 1224 2329 montis,
1264 2297 1351 2334 quae
1387 2284 1506 2333 vergit
1540 2285 1591 2321 ad

52 2336 336 2388 Ichnographia
388 2340 526 2377 montis
575 2341 786 2391 Capitolini
815 2322 820 2371 l
855 2338 1040 2384 Tiberim,
1068 2338 1133 2375 alii
1151 2339 1192 2375 in
1209 2339 1291 2388 ipso
1313 2337 1415 2376 clivo
1433 2337 1592 2388 Capito·

50 2389 180 2440 posuit
198 2391 261 2429 Cl.
280 2392 460 2438 Piranesi,
487 2393 687 2434 Antichitd
711 2396 788 2434 Ro-
816 2388 819 2417 Ι

50 2457 168 2490 mane,
187 2445 262 2483 vol.
283 2457 315 2483 1.
332 2446 459 2484 versus
477 2447 601 2486 finem.

104 2494 124 2514 ²
141 2498 379 2550 Expressam.
409 2499 473 2538 Sic
485 2501 664 2540 Valerius
676 2502 788 2541 Flac·
815 2513 818 2528 ⁴

815 2562 819 2585 θ
853 2567 972 2600 mane,
986 2552 1061 2590 vol.
1083 2565 1113 2590 1.
1131 2565 1227 2590 vers.
1245 2552 1310 2590 fin.
1328 2553 1368 2589 in
1387 2552 1593 2603 Ichnogra-

49 2564 133 2601 cus,
161 2564 192 2591 1.
209 2556 304 2597 398.

152 2659 303 2692 casuque
314 2661 383 2685 um
393 2666 538 2693 erpo-asa,
554 2659 693 2692 Pholon,
763 2678 766 2680 -

82 2697 182 2725 Arma
195 2699 286 2731 geris.

827 2384 830 2388 ’
854 2391 935 2430 lino
952 2405 1071 2443 prope
1088 2405 1278 2430 carcerem
1299 2391 1590 2431 Mamertinum.

855 2446 956 2483 Vide
976 2447 1175 2484 Donatum
1195 2445 1241 2482 de
1260 2445 1364 2482 Urbe
1380 2443 1505 2487 Roma
1521 2457 1593 2484 111.

857 2503 920 2537 13.
938 2507 975 2536 et
994 2499 1063 2557 ClK
1075 2499 1258 2545 Piranesi,
1284 2498 1486 2540 Antichitd
1514 2498 1594 2536 Ro-

854 2606 949 2657 phia
966 2606 1165 2658 Capitolii.

909 2658 922 2681 ⁵
952 2660 1007 2698 Id
1029 2673 1154 2697 unum.
1183 2659 1256 2697 Vir
1277 2659 1357 2706 ille,
1384 2659 1471 2698 vinae
1497 2660 1593 2699 inte-

854 2727 931 2765 ger,
958 2714 1175 2764 progeniem
1206 2712 1344 2751 habuit
1372 2713 1594 2753 Christiana>

52 2769 225 2820 Uterque
255 2771 413 2810 Graecos
442 2771 627 2810 imitatus.
682 2773 785 2811 Vide
851 2769 994 2806 virtute
1020 2774 1059 2804 et
1082 2766 1286 2806 sanctitate
1312 2768 1590 2818 conspicuam

51 2830 133 2862 not.
152 2831 191 2862 et
207 2825 357 2863 emend.
375 2825 425 2866 ad
446 2825 547 2863 Hist.
565 2838 634 2864 111.
651 2831 718 2870 74.

105 2873 123 2898 ³
150 2877 244 2916 Jovi
278 2877 446 2917 Custodi.

50 2939 223 2984 (luentes,
249 2940 461 2971 occurrunt
481 2939 621 2983 tamen,
649 2935 786 2978 Domi-

250 3011 370 3048 VOL.
395 3011 472 3047 111.

856 2829 901 2859 ut
931 2821 1101 2859 diximus
1128 2822 1168 2859 in
1191 2828 1272 2860 not.
1300 2827 1339 2860 et
1365 2822 1513 2862 emend.
1538 2822 1588 2860 ad

503 2879 595 2918 Non
629 2881 685 2918 ita
714 2881 786 2919 fre-
858 2875 960 2916 Hist.
975 2888 1007 2918 1.
1026 2872 1093 2915 46.

1222 3064 1225 3066 ,
1297 3017 1332 3062 Ω
