1786 3204
57 193 98 235 J.
117 192 168 234 C.
192 189 262 239 69.
378 187 768 230 HISTORIARUM
798 187 963 227 LIBER
990 186 1299 227 SECUNDUS.
1531 186 1607 228 165

62 326 69 333 ·
128 302 211 345 92.
245 291 655 346 Pammenem-r
690 291 976 358 praetorianis
1008 290 1063 341 P.
1081 289 1325 350 Sabinum,
1360 287 1390 338 'a
1417 288 1611 354 praefec-

59 374 168 425 turii
188 373 429 433 cohortis,¹
450 372 627 423 Iulium
648 372 877 430 Priscum,
900 383 1003 420 tum
1024 369 1372 420 centurionem:
1407 368 1609 429 Priscus,

58 452 292 512 Valentis'3
316 451 534 509 Sabinus,
550 449 756 499 Caecinoe
768 447 915 515 gratia
930 448 1181 514 pollebant
1214 447 1342 495 Inter
1357 446 1613 507 discordes,

62 529 251 578 Vitellio
265 528 386 577 nihil
416 527 725 576 auctoritatis:
762 526 920 575 munia
940 525 1120 591 imperii
1153 525 1343 575 Caecina
1362 541 1416 573 ac
1438 525 1612 575 Valens

59 607 282 668 obibtmt3
317 606 442 654 olim*
462 605 587 653 anxii
608 604 742 664 odiis,
779 622 886 670 quae
906 604 1033 653 bello
1055 614 1102 652 et
1137 603 1294 664 castris
1326 601 1450 651 male
1484 603 1612 652 dissi-

61 685 254 744 mulata,
276 684 474 749 pravitas
497 683 772 742 amicorum,
795 695 842 731 et
863 682 1085 731 foecunda
1105 681 1349 748 gignendis
1369 680 1616 729 inimicitiis

59 762 220 812 civitas
250 772 462 820 auxerat,
497 761 612 809 dum
648 761 841 820 ambitu,
876 760 1114 819 comitatu,
1148 771 1194 808 et
1226 758 1461 807 immensis
1492 759 1619 807 salu·

60 838 258 888 tantium
290 839 551 904 agmim‘bus
572 839 877 899 contendunt,
907 849 1360 904 comparanturque3
1397 836 1536 885 variis
1562 837 1612 885 in

61 915 191 967 hunc
212 927 293 965 aut
312 917 448 965 illum
470 916 642 965 Vitellii
670 917 1054 966 inclinationibus.
1122 917 1225 965 Nec
1248 931 1473 980 umquam
1505 914 1615 963 satis

62 995 159 1045 fida
179 995 398 1060 potentia,
416 995 496 1044 ubi
518 995 658 1044 nimia
680 1007 763 1044 est.
833 996 982 1045 Simul
998 995 1151 1060 ipsum
1173 993 1430 1051 Vitellium,
1452 992 1611 1041 subitis

60 1071 254 1122 offensis
265 1085 345 1120 aut
361 1072 688 1137 intempestivis
703 1072 933 1122 blanditiis
949 1073 1236 1130 mutabilem,
1254 1067 1612 1120 contemnebant

62 1151 438 1215 memebantque.
507 1152 611 1200 Nec
634 1152 693 1200 eb
716 1152 907 1217 segnius
940 1151 1198 1199 invaserant
1227 1151 1409 1208 domos,
1432 1149 1611 1207 hortos,

61 1243 271 1292 opesque
305 1227 517 1292 imperii:
554 1229 670 1278 cum
707 1229 870 1277 flebilis
909 1240 955 1277 et
995 1244 1136 1294 egens
1174 1226 1415 1275 nobilium*
1438 1226 1611 1288 turbas

63 1321 185 1369 quos
213 1305 336 1369 ipsos
366 1306 629 1372 liberosque
651 1306 808 1372 patriae
845 1308 999 1357 Galba
1020 1306 1300 1364 reddiderat,
1323 1302 1452 1351 nulla
1480 1303 1612 1352 Prin-

63 1382 177 1447 cipis
197 1382 511 1432 misericordia
523 1386 809 1450 juvarentur.
880 1383 1083 1434 Gratum
1105 1383 1384 1448 primoribus
1405 1369 1612 1439 civitatis,

63 1459 204 1509 etiam
212 1461 393 1526 ,plebes
417 1462 706 1526 adprobavit,
740 1463 873 1528 quod
885 1462 1089 1511 :reversis
1111 1463 1169 1510 ab
1192 1447 1330 1510 cicilio
1347 1462 1455 1525 jura
1476 1445 1614 1507 liber-'⁴

64 1541 252 1586 torum<³
295 1539 620 1589 concessisset:
671 1556 954 1605 quamquam
991 1539 1040 1587 id
1078 1538 1207 1588 omni
1250 1538 1394 1586 modo
1431 1536 1611 1585 servilia

63 1614 249 1682 ingenia
285 1618 663 1682 corrumpebant,
696 1618 860 1683 abditis
898 1616 1103 1683 pecuniis
1140 1633 1225 1681 per
1262 1615 1489 1674 occultOS,
1531 1625 1613 1662 aut
1661 1614 1671 1623 “

63 1693 330 1743 ambitiosos
346 1694 495 1743 sinus:
514 1697 535 1724 ⁴
555 1706 601 1744 et
623 1695 812 1760 quidam
828 1696 877 1743 in
895 1697 1090 1745 domum
1108 1693 1304 1746 Caesaris
1320 1691 1611 1759 transgressi,

64 1781 204 1838 atque
225 1771 333 1837 ipsis
355 1772 553 1821 dominis
575 1773 911 1839 potentiores.⁵·

121 1947 138 1966 ⁸
167 1950 206 1988 A
240 1950 473 2003 proefecturd
506 1952 683 1991 cohortis.
721 1952 804 1998 Qui

66 2003 272 2042 dumtaxat
307 2006 456 2043 cohorti
490 2008 677 2058 pnetoriae
711 2020 807 2058 prae-

66 2057 205 2096 fuemt.
261 2059 340 2097 Hic
370 2061 457 2098 vcro
489 2061 531 2098 P.
553 2061 718 2098 Sabinus
750 2061 806 2098 di-

67 2122 195 2149 vcisus
212 2119 267 2150 est
285 2112 309 2150 a
328 2113 460 2152 Flavio
487 2115 642 2161 Sabino,
660 2115 806 2166 Vespa-

67 2165 162 2203 siani
181 2165 318 2213 fratre;
346 2168 395 2205 de
411 2181 490 2218 quo
507 2181 606 2218 saepe
621 2182 751 2219 supra.

122 2215 142 2236 ²
169 2219 363 2259 Nobilium
380 2223 504 2260 turba.
535 2222 659 2269 Quos,
687 2223 806 2261 fortu-

67 2272 126 2310 nis
144 2275 381 2322 exturbatos,
405 2275 442 2313 in
460 2276 577 2313 exilia
595 2277 807 2315 detruserat

69 2326 189 2374 Nero,
213 2337 457 2368 revocaverat
475 2330 618 2369 Galba.

122 2377 140 2402 ³
168 2381 270 2419 Jura
289 2382 644 2422 libertorum.·Haec
657 2385 751 2434 jura
767 2385 806 2422 in

66 2433 258 2473 alimentis
286 2449 332 2473 ac
360 2437 554 2487 praecipue
573 2439 808 2476 testamentis

68 2489 218 2537 posita;
246 2490 294 2526 de
328 2491 469 2540 quibus
506 2491 695 2541 Ulpianus
727 2491 806 2529 Tit.

69 2546 137 2586 29.
181 2543 228 2580 de
265 2544 382 2583 Bonis
416 2545 654 2592 libertorum,
699 2557 738 2583 n.
770 2550 807 2584 1.

68 2594 174 2634 Civis
205 2597 365 2636 Romani
399 2598 527 2636 liberti
563 2599 805 2638 hereditatem

68 2649 128 2686 lez·
158 2649 349 2690 duodecim
386 2652 610 2690 Tabularum
642 2659 805 2703 patrono

69 2702 206 2753 defert,
229 2705 264 2742 si
282 2704 462 2743 intestato
478 2706 558 2743 sinc
580 2718 648 2744 suo
672 2706 805 2745 herede

66 2755 224 2795 libertus
237 2759 455 2798 decesserit:
475 2767 513 2797 et
525 2760 697 2797 edictum
711 2772 806 2810 prae-

70 2810 162 2847 toris
174 2812 279 2861 apud
294 2813 471 2850 eumdem
487 2813 711 2864 Ulpianum,
722 2813 802 2852 loc.

16 2863 31 2872 ”
69 2864 137 2901 cit.
165 2864 227 2902 Er
259 2866 380 2903 edicto
406 2867 594 2916 praetoris,
623 2867 658 2903 si
688 2872 804 2905 testa-

68 2918 315 2968 mentofacto
340 2920 495 2957 libertus
518 2920 716 2966 moriatur,
735 2926 802 2958 aut

67 2976 111 3010 ut
142 2971 246 3021 nihil,
278 2978 342 3011 aut
372 2973 491 3017 mincis
520 2975 628 3026 quam
652 2980 801 3026 partem

875 1952 1063 1992 dimidiam
1095 1953 1269 1989 bonorum
1300 1955 1463 2001 patrono
1497 1947 1612 1985 relin-

875 2013 980 2057 quat,
1025 2011 1158 2044 contra
1199 2006 1346 2043 tabulas
1386 2000 1612 2047 testamenti,

872 2061 998 2111 partis
1031 2059 1191 2097 dimidia:
1227 2060 1401 2096 bonorum
1432 2055 1613 2106 possessio

879 2115 938 2152 illi
958 2115 1072 2152 datur
1080 2130 1095 2159 ,·
1125 2113 1198 2150 nisi
1219 2113 1375 2150 libertus
1390 2110 1547 2160 uIIquem
1569 2122 1612 2146 taz·

875 2168 1111 2206 naturalibus
1138 2166 1264 2204 liberis
1281 2176 1523 2203 successorem
1541 2163 1612 2200 sihi

875 2222 1078 2273 relinquat,
1093 2220 1171 2259 sive
1188 2220 1368 2257 intestato
1384 2218 1551 2261 decedat,
1575 2222 1613 2254 et

874 2288 1023 2313 wrorem
1039 2274 1152 2327 sorte?
1173 2275 1211 2312 in
1233 2286 1391 2319 manum,
1420 2272 1479 2309 ’cel
1501 2271 1613 2320 adop·

877 2330 991 2368 tivum
995 2329 1127 2380 filium
1151 2328 1352 2378 relinquat,
1374 2325 1474 2375 oequi’
1487 2324 1613 2374 partis

876 2384 1002 2421 media·
1014 2384 1187 2421 bonorum
1195 2380 1377 2432 possessio
1389 2374 1520 2417 eontra
1527 2391 1613 2416 suos

876 2437 1029 2475 heredes
1040 2442 1204 2487 patrono
1218 2435 1347 2472 datur.
1376 2432 1470 2471 Alia
1485 2431 1613 2469 multa

875 2500 1126 2540 patronorum
1151 2490 1244 2539 jura
1273 2488 1360 2524 vide
1394 2487 1434 2523 in
1465 2486 1611 2535 Digest.

879 2545 1010 2590 Libro,
1028 2553 1229 2581 xxxvin.
1248 2541 1388 2579 'I'itulis
1407 2552 1438 2578 1.
1459 2544 1493 2577 11
1513 2548 1550 2576 et
1570 2552 1611 2577 v.

929 2597 950 2619 4
975 2596 1201 2636 Ambitio-sos
1236 2595 1352 2633 sinus.
1390 2596 1475 2632 Aut
1509 2593 1611 2633 clam

876 2651 1111 2701 furtimque,
1128 2658 1198 2687 aut
1223 2649 1425 2686 ambitioso
1448 2647 1612 2698 potenti·

873 2718 985 2743 orum
1003 2705 1089 2742 sinu
1107 2703 1289 2754 pecunias
1301 2702 1506 2741 abdebant.
1552 2701 1613 2737 De

875 2759 1075 2797 servilibus
1102 2758 1325 2795 libertorum
1351 2755 1508 2805 ingeniis
1532 2754 1614 2792 dico

876 2819 960 2849 tum
977 2825 1094 2863 supra
1109 2811 1149 2848 in
1163 2810 1375 2848 Annalium
1394 2809 1513 2846 libris.

931 2863 946 2886 ⁵
977 2865 1150 2904 Dominis
1174 2863 1417 2915 potentiores.
1445 2865 1507 2900 Ac
1525 2874 1614 2912 pro-

876 2919 964 2956 inde
983 2918 1146 2956 ‹lominis
1163 2919 1253 2968 jure
1277 2930 1347 2954 suo
1365 2917 1422 2954 uti
1441 2915 1536 2957 velle
1555 2916 1612 2955 in-

877 2973 972 3012 utile
988 2981 1057 3012 aut
1074 2971 1347 3028 periculosum.
