1786 3204
65 199 105 239 J.
119 194 171 238 C.
187 194 254 242 69.
406 194 795 235 IIISTORI-ARUM
824 195 987 234 LIBER.
1013 195 1261 236 TERTIUS.
1525 199 1610 239 223

132 307 219 351 56.·
250 301 637 350 CONCIONANTI
674 299 1016 366 (prodigiosum
1054 301 1207 364 dictu)
1244 312 1425 351 tantum
1455 302 1607 356 foeda.

65 395 174 427 rum
207 379 453 427 volucrum
474 381 485 400 ¹
526 378 886 442 supervolitavit,
917 389 971 426 ut
999 380 1125 426 nube
1157 377 1257 426 atra
1287 379 1410 428 diem
1444 384 1607 435 obten-

39 450 42 452 ’
67 458 246 506 derent.
304 456 523 505 >Accessit
556 457 710 504 dirum
732 473 889 515 omen,
911 455 1141 522 profugus
1161 457 1407 507 altaribus2
1430 471 1608 524 taurus,

65 534 255 599 disjecto
277 523 485 582 sacrificii
505 545 742 597 apparatu,
765 533 925 599 longe,
948 550 1034 581 nec
1058 534 1137 582 ubi
1159 533 1284 582 feriri
1313 536 1481 587 hostias
1505 557 1608 590 mos

68 623 155 670 est,
193 610 447 660 confossus.
516 612 609 659 Sed
653 611 941 676 praecipuum
984 611 1081 675 ipse
1103 628 1105 630 ·
1126 612 1337 661 Vitellius
1375 626 1609 667 ostentum

69 700 184 748 erat,
228 689 415 754 ignarus
453 689 642 748 militiae,
686 689 973 753 improvidus
1017 689 1225 748 consilii;
1284 695 1318 718 “
1342 693 1445 756 quis
1472 696 1608 745 >ordo

74 770 104 792 “
137 766 347 831 agminis,
378 784 484 831 quae
507 783 619 814 cura
648 767 937 831 explorandi,
961 778 1159 831 quantus
1193 770 1405 832 urgendo
1427 772 1610 822 trahen-

73 847 103 869 “
137 844 257 892 dove
294 845 419 892 bello
458 845 678 904 modus,’'
717 844 831 892 alios
867 844 1086 909 rogitans,
1123 856 1168 891 et
1201 845 1260 891 ad
1294 862 1455 895 omnes
1490 859 1609 899 nun.

68 920 173 979 fios,
211 922 343 969 vultu
380 939 567 986 quoque
605 924 651 969 et
686 921 866 969 incessu
904 921 1127 985 trepidus,
1167 923 1273 970 dein
1312 926 1607 977 temulentus.

69 998 313 1047 Postremo
337 999 475 1047 taedio
505 1003 778 1059 castrorum,
802 1011 848 1047 et
869 991 1025 1047 audita
1056 998 1313 1049 defectione
1336 1002 1610 1055 Misenensis

67 1075 255 1134 classis‚³
301 1077 505 1124 Romam
539 1077 738 1136 revertit,
779 1077 1144 1125 recentissimum
1183 1080 1404 1144 quodque
1436 1083 1607 1132 vulnus

65 1170 253 1218 pavens,
271 1155 439 1202 summi
463 1154 731 1202 discriminis
751 1154 1022 1203 incuriosus.
1069 1157 1194 1203 Nam
1211 1157 1326 1204 cum
1349 1161 1605 1225 transgredi

71 1232 392 1296 Apenninum,
415 1233 595 1298 integro
626 1232 861 1281 exercit-fis
883 1233 953 1281 sui
983 1231 1167 1292 robore,
1202 1244 1248 1281 et
1277 1233 1422 1284 fessos
1456 1236 1609 1286 hieme

68 1322 207 1376 atque
227 1310 382 1375 inopia
405 1311 558 1358 hostes
579 1310 787 1375 adgredi,
811 1310 858 1357 in
880 1321 1039 1374 aperto
1062 1308 1213 1371 foret3
1251 1312 1366 1359 dum
1389 1313 1610 1381 dispergit

17 1414 21 1417 ·
70 1389 206 1447 vires,
236 1388 513 1436 acerrimum
534 1388 743 1448 militem,
767 1400 813 1436 et
833 1384 981 1453 usque
999 1388 1052 1436 in
1074 1401 1282 1436 extrema
1311 1385 1609 1452 obstinatum,

69 1466 411 1525 trucidandum,
452 1466 818 1530 capiendumque
854 1466 1055 1525 tradidit,
1098 1466 1377 1530 peritissimis
1406 1470 1612 1517 'centuri-

71 1544 240 1592 onum‘
253 1544 635 1602 dissentientibus,
674 1554 736 1602 et,
772 1543 810 1591 si
845 1544 1213 1602 consulerentur,
1252 1561 1363 1592 vera
1404 1545 1609 1595 dicturis.

71 1625 284 1670 Arcuere
307 1639 385 1669 eos
406 1621 552 1668 intimi
573 1621 829 1669 amicorum
852 1620 1040 1680 Vitellii,
1067 1621 1129 1669 ita
1157 1620 1366 1670 formatis
1386 1616 1613 1688 Principis

71 1701 275 1760 auribus,
293 1711 345 1748 ut
366 1715 541 1763 aspera,
565 1717 670 1763 quae
687 1699 831 1759 utilia,
852 1715 938 1748 nec
957 1699 1228 1764 quidquam,
1245 1698 1331 1746 nisi
1348 1701 1612 1765 jucundum

72 1790 119 1826 et
137 1779 355 1827 laesurum
373 1778 612 1841 acciperet.
1600 1791 1602 1794 ·

137 1939 217 1986 57.
253 1935 356 1982 SED
374 1934 565 1982 classem
587 1934 898 1983 Misenensem
922 1936 1126 1999 (tantum
1143 1931 1352 1982 civilibus
1373 1933 1611 1984 discordiis

72 2011 210 2059 etiam
239 2011 529 2076 singulorum
562 2013 749 2060 audacia
769 2012 915 2075 valet)
940 2010 1165 2061 Claudius
1187 2010 1490 2072 Faventinus,
1505 2028 1611 2060 cena·

70 2088 210 2147 turio,
246 2105 329 2152 per
357 2088 655 2154 ignominiam
689 2090 718 2137 a
752 2089 908 2138 Galba
947 2088 1177 2147 dimissus,
1210 2089 1269 2136 ad
1303 2087 1611 2139 defectionem

70 2166 227 2225 traxit,
261 2165 378 2214 fictis
400 2166 662 2230 Vespasiani
696 2166 895 2230 epistolis
928 2166 1129 2231 pretium
1164 2165 1432 2230 proditionis
1462 2179 1614 2216 osten-

69 2255 185 2293 tans.
269 2245 471 2292 Praeerat
514 2244 643 2292 classi
690 2245 913 2292 Claudius
958 2242 1256 2308 Apollinaris,
1301 2259 1454 2308 neque
1501 2244 1612 2294 fidei

71 2333 302 2381 constans,
345 2338 498 2386 neque
536 2333 750 2370 strenuus
788 2323 837 2371 in
881 2321 1105 2388 perfidia:
1155 2333 1202 2370 et
1242 2320 1440 2386 Apinius
1478 2322 1612 2383 Tiro,

127 2488 139 2506 ¹
171 2489 366 2532 Foedarum
385 2490 588 2527 volucram.
617 2489 803 2527 Vultures
879 2489 1106 2527 Suetonium
1126 2490 1164 2526 in
1182 2488 1202 2536 J
1210 2487 1262 2525 ul.
1285 2499 1377 2526 LIX.
1413 2488 1508 2526 Inde
1535 2489 1612 2528 Pli-

71 2542 244 2594 appellat
261 2543 351 2587 Dio,
379 2554 481 2581 va.
504 2557 542 2593 p.
558 2548 650 2592 740.
697 2541 803 2585 Γύης
877 2544 975 2590 nius,
996 2555 1093 2580 V111.
1113 2546 1178 2579 45.
1219 2542 1306 2579 Hoc
1335 2554 1477 2593 quoqne
1503 2549 1613 2582 nota-

71 2597 197 2633 πολλοὶ
215 2594 463 2649 προπεσόντες,
480 2594 527 2633 τά
545 2611 580 2633 τε
594 2596 663 2649 “ega“
681 2592 802 2634 Bume-
877 2602 967 2643 tum,
985 2597 1124 2634 vitulos
1143 2595 1192 2634 ad
1207 2596 1295 2632 αΫαδ
1320 2595 1480 2634 humeris
1498 2596 1612 2635 leomi-

71 2645 191 2692 δια-αν,
227 2651 290 2686 καὶ
332 2649 439 2686 ἐκεῖνον
472 2652 540 2686 ἀπὸ
573 2650 617 2686 v&
650 2650 803 2695 βήματος
876 2651 936 2689 nis
964 2651 1100 2688 allatos
1129 2662 1209 2687 non*
1220 2648 1313 2700 fer&
1350 2649 1476 2696 litare,
1512 2651 1612 2690 sicut

69 2702 191 2749 ὂλίγου
208 2699 270 2740 δεῖν
284 2701 485 2747 κατ-ἔβαλον.
528 2703 564 2741 V
564 2704 729 2742 ulturum
747 2704 804 2742 vis
876 2717 943 2742 nec
966 2703 1213 2748 claudicante,
1241 2714 1308 2739 nec
1336 2702 1612 2742 alienabo-etia

70 2769 207 2808 magna
235 2757 367 2802 irruit,
393 2757 564 2795 victimas
592 2757 803 2808 discerpsit,
878 2758 982 2795 Deos
1005 2757 1167 2808 placari,
1197 2769 1266 2794 nec
1290 2757 1464 2795 trahente
1492 2770 1533 2796 oe
1562 2759 1608 2796 ab

72 2810 260 2861 ipsumque
289 2810 494 2848 'Vitellium
537 2812 583 2848 de
622 2811 805 2850 tribunali
878 2812 972 2850 aris.

60 2863 188 2917 firme
208 2864 432 2902 deturbavit.
932 2862 946 2884 ³
987 2864 1214 2902 Misenenszs
1249 2865 1391 2914 classis,
1442 2863 1502 2902 De
1531 2862 1611 2916 qu&

128 2914 147 2933 ²
195 2917 393 2970 Profugus
415 2918 629 2957 altaribus.
686 2917 804 2963 Quod
876 2931 995 2972 supra
1014 2919 1116 2958 Hist.
1138 2922 1244 2962 11.‚9.
1327 2919 1329 2922 ’

70 2971 170 3010 inter
213 2979 360 3011 ostenta
407 2970 635 3013 habebatur.
701 2972 805 3011 Vide
1266 2970 1270 2974 “
1347 2992 1353 2997 -’
