2242 3996
462 139 577 192 ΑΙ)
593 140 733 206 Lm.
769 139 839 189 11.
872 137 1047 189 HIST.
1081 137 1141 188 c.
1175 138 1384 190 CORN.
1417 139 1668 195 TACITI.
1857 166 1861 170 ⁴
1939 151 2037 203 515

179 270 498 327 Rarissimus
523 269 750 343 quisque.
824 269 906 320 Ita
931 266 1060 320 MS.
1088 265 1251 320 Corb.
1292 268 1449 322 editio
1488 271 1730 342 princeps
1770 284 1823 326 et
1863 293 2038 330 recen-

103 363 275 419 tiores,
312 364 376 418 In
399 364 574 443 MSS.
593 360 748 443 Harl.
769 358 1052 415 Bodl.Jes.
1074 360 1256 414 Guelf.
1283 372 1342 415 et.
1361 362 1704 431 Puteolanus,
1730 368 2036 424 carissimus.

174 545 328 601 CAP.
366 554 451 602 85.
513 543 842 618 Transgressi
876 544 935 597 in
967 553 1162 614 partes.
1238 545 1322 598 Ita
1363 545 1518 617 vulgo
1575 547 1749 610 MSS.
1787 549 2035 606 editiones

99 648 297 720 veteres
339 650 392 692 et
434 638 760 692 recentioreS.
835 636 1114 691 Rhenanus
1157 658 1430 710 perperam
1471 639 1658 708 omisit,
1713 645 2034 716 transgressi.

19 800 24 803 ᾖ
100 732 167 787 In
194 733 322 796 MS.
349 731 511 786 Corb.
550 741 882 804 transgressa,
919 730 996 784 uti
1039 729 1281 784 volebant
1307 731 1684 787 Freinshemius
1709 744 1761 787 et
1787 735 2034 805 Ryckius.

97 825 253 882 Tunc
279 827 351 879 sic
375 826 820 896 distinguendum:
862 823 1201 896 Transgressa
1241 826 1299 878 in
1332 836 1515 897 partes
1554 827 1711 880 tertia
1751 827 1902 900 legia,
1944 830 2032 892 85c.

95 920 277 992 Atque
301 921 373 975 ita
395 919 545 973 vertit
570 918 920 972 C1.G0rdon.
960 918 1082 970 “In
1108 918 1321 986 Moesia,
1360 919 1447 971 the
1466 919 1598 972 third
1625 921 1823 990 Legion
1847 920 2033 975 revolt-

96 1011 186 1083 ing
222 1024 277 1067 to
318 1014 397 1066 his
440 1022 607 1083 party,
649 1011 877 1064 afforded
919 1011 1100 1063 thence
1134 1031 1199 1063 an
1222 1010 1461 1082 example
1485 1023 1539 1065 to
1565 1013 1651 1065 the
1677 1015 1846 1067 others
1869 1013 2033 1082 there,

98 1106 235 1161 &c.”
295 1091 546 1176 Murphy
570 1124 803 1176 quoque:
838 1128 841 1130 ·
844 1107 964 1157 “In
990 1103 1206 1169 Moesia,
1247 1106 1331 1157 the
1373 1105 1506 1158 third
1547 1105 1752 1177 Legion
1785 1108 2031 1179 revolted,

96 1201 197 1252 and
220 1201 359 1253 drew
385 1200 517 1251 after
539 1197 679 1251 them
704 1199 789 1250 the
813 1196 1004 1267 eighth,
1042 1199 1139 1250 and
1164 1196 1273 1251 also
1298 1199 1384 1251 the
1408 1200 1632 1266 seventh,
1669 1203 1771 1254 διο.

84 1329 92 1337 -
169 1292 470 1365 Aquileiam
484 1310 783 1364 progressa.
861 1290 949 1345 Sic
975 1283 1148 1344 MSS.
1175 1289 1320 1345 Flor.
1350 1291 1484 1362 Reg.
1514 1290 1681 1348 Corb.
1707 1295 1838 1365 Agr.
1868 1297 2027 1352 editio

92 1385 336 1458 princeps
362 1395 414 1438 et
439 1385 761 1438 recentiores.
825 1383 890 1438 In
913 1381 1087 1437 MSS.
1112 1383 1266 1437 Harl.
1294 1383 1449 1437 Bodl.
1473 1385 1586 1440 Jes.
1611 1395 1667 1439 et-
1689 1385 2026 1457 Puteolanus,

62 1546 66 1549 ,
96 1479 399 1553 Aquileiam
408 1479 534 1550 jam
546 1497 847 1551 progressae.

167 1572 260 1625 Ita
297 1582 398 1626 tres
422 1571 920 1644 'Moesicaelegiones
957 1598 1080 1617 ·-···
1111 1569 1433 1625 adliciebant
1471 1570 1855 1629 Pannonicum.
1932 1575 2024 1631 Sic

94 1665 279 1721 MSS..
297 1675 350 1718 et
385 1664 503 1718 libri
537 1664 677 1718 editi.
752 1663 903 1718 Male
945 1664 1119 1718 omisit
1155 1662 1453 1732 RhenanuS,
1491 1664 1860 1723 Pannonicum
1883 1688 2025 1724 exer-

93 1759 269 1825 citum,
308 1767 400 1811 aut
420 1757 674 1811 abnuenti
695 1757 801 1811 vim
815 1756 1105 1828 parabant.

166 1851 241 1905 In
265 1870 320 1905 eo
344 1861 504 1924 matu.
579 1851 725 1905 Bene
750 1850 924 1906 MSS.
946 1850 1190 1905 editiones
1217 1862 1411 1906 veteres
1434 1861 1485 1907 et
1509 1853 1831 1909 recentiores.
1870 1854 2021 1912 Male

93 1943 403 2010 Beroaldus,
416 1947 590 1998 metu.
677 1982 681 1986 «
1692 1978 1695 1979 ⁷
2000 1980 2005 1982 -

166 2038 400 2103 Tertium
421 2037 720 2105 Julianum.
793 1982 946 2090 Male
985 2007 1159 2092 MSS.
1203 2020 1360 2092 Harl.
1399 2037 1556 2093 Bodl.
1579 2038 1693 2095 JeS.
1733 2051 1788 2096 et
1824 2041 2023 2098 Puteo-

87 2132 254 2201 Iamm,
296 2131 528 2201 Tectium
554 2129 852 2185 Julianum.
1719 2115 1728 2145 Ἰ

164 2317 316 2371 CAP.
342 2317 431 2370 86.
470 2313 696 2369 Antonii
722 2313 917 2367 Primi.
991 2312 1215 2393 Mirum,
1252 2324 1310 2368 ut
1331 2315 1594 2371 hominem
1618 2315 1784 2396 illum,
1815 2314 2022 2388 legibus
2064 2375 2070 2389 ⁸

87 2404 399 2477 nocentem,
414 2409 556 2462 sama
579 2418 632 2485 et
655 2407 761 2461 vita
786 2408 1002 2474 foedum,
1039 2406 1321 2462 laudaverit
1346 2409 1627 2486 Martialis,
1662 2411 1717 2466 ni
1739 2394 1862 2468 nota
1883 2412 2019 2465 foret

89 2504 298 2577 poetica
317 2502 559 2558 adulatio.
634 2500 869 2555 Martial.
894 2481 1166 2572 Epigram.
1193 2519 1283 2555 lx.
1333 2509 1452 2558 101.

359 2720 394 2744 “
417 2715 621 2764 Marcus·
636 2718 767 2762 amat
787 2718 976 2763 nostras
995 2711 1250 2773 Antonius,
1284 2704 1464 2773 Attice,
1500 2714 1689 2775 Μυεαε,

495 2822 677 2872 Charta
699 2821 950 2870 salutatrix
974 2821 1015 2870 si
1035 2820 1186 2871 modo
1210 2837 1324 2870 vera
1345 2821 1521 2873 refert:

397 2904 399 2906 μ
423 2930 622 3010 Marcus
643 2931 874 2982 Palladiae
896 2948 992 2982 non
1015 2929 1274 2982 inficianda
1294 2931 1491 2980 Tolosae

491 3038 678 3098 Gloria,
712 3054 859 3104 quem
881 3038 1046 3105 genuit
1067 3039 1202 3105 pacis
1222 3037 1378 3090 amica
1401 3036 1583 3104 quies?

88 3197 241 3276 Idem
265 3205 533 3291 Epigram.
560 3237 622 3273 x.
665 3226 755 3274 23.

358 3404 395 3430 ‘⁶
412 3399 444 3450 J
446 3415 524 3449 am
543 3403 761 3448 numerat
783 3396 974 3463 placido
991 3396 1106 3447 felix
1127 3393 1364 3447 Antonius
1386 3409 1493 3445 aevo

487 3501 785 3566 Quindecies
805 3513 939 3559 actas
962 3502 1147 3558 Primus
1170 3502 1487 3572 Olympiadas
1509 3517 1527 3553 t
