1786 3204
74 173 114 214 J.
132 169 179 211 ο.
205 164 275 214 69.
426 124 1008 204 ms'romARUM'LIBER
1034 158 1280 198 marius.
1546 163 1623 205 189

76 273 282 342 quodam
320 270 379 318 ad
422 265 616 317 exitium
654 263 958 328 poscebatur:
1009 266 1043 290 “
1077 262 1393 327 propinquum
1432 261 1622 323 Vitellii,

77 358 112 385 ‘⁶
146 349 432 416 proditorem
479 342 698 400 Othonis,
741 341 1097 404 interceptorem
1138 340 1338 388 donativi
1354 340 1386 362 ”
1406 342 1417 362 ¹
1467 339 1624 389 clami-

76 431 248 480 tabant.
316 425 420 474 Nec
444 419 698 469 defensioni
731 417 878 476 locus,
902 433 1184 481 quamquam
1210 417 1438 481 supplices
1459 434 1626 466 manus

77 506 305 562 tenderet,
346 499 477 549 humi
521 498 797 562 plerumque
842 506 1025 553 stratus,
1077 494 1227 542 lacera
1273 506 1416 554 veste,
1463 507 1625 559 pectus

77 594 218 648 atque
239 596 321 632 ora
345 577 550 643 singultu
575 574 810 644 quatiens:
847 573 895 619 id
917 572 1070 638 ipsum
1100 573 1223 636 apud
1245 571 1448 620 infensos
1469 573 1626 620 incita-

80 671 292 711 mentum
328 665 442 714 erat,
482 665 720 716 tamquam
753 650 922 698 nimius
957 667 1101 714 pavor
1134 650 1457 697 conscientiam
1487 665 1626 715 argu·

51 735 53 738 ⁴
79 739 214 786 eret.²
281 733 633 783 Obturbabatur
655 729 856 777 militum
879 729 1070 776 vocibus
1093 728 1339 792 Aponius‚³
1359 729 1473 775 cum
1496 726 1625 792 loqui

79 823 304 880 eoeptaret
320 829 345 867 :7
382 808 570 857 fremitu
616 819 661 855 et
705 808 908 854 clamore
947 818 1124 854 ceteros
1168 817 1495 869 aspernantur:
1543 803 1627 852 uni

79 890 290 943 Antonio
312 899 483 953 apertae
506 885 703 933 militum
725 901 887 933 aures:
924 901 1124 948 namque
1148 895 1192 930 et
1215 882 1428 930 facundia
1451 883 1625 941 aderat,

81 966 410 1031 'mulcendique
431 964 628 1029 vulgum
650 974 787 1022 artes,
823 974 867 1011 et
890 963 1147 1010 auctoritas.
1218 961 1317 1009 Ubi
1350 961 1627 1014 crudescere

79 1044 261 1103 seditio,
279 1055 324 1092 et
347 1043 375 1092 Ξι
393 1041 607 1095 conviciis
624 1057 676 1089 ac
691 1040 890 1104 probris,
914 1040 973 1087 ad
995 1039 1085 1087 tela
1108 1051 1153 1088 et
1175 1055 1339 1087 manus
1356 1038 1624 1097 transibant,

82 1127 120 1157 ‘⁸‘
152 1122 272 1188 injici
296 1131 478 1173 catenas
511 1117 727 1166 Flaviano
744 1118 776 1138 '³
808 1119 954 1182 jubet.
1023 1115 1173 1165 Sensit
1201 1114 1452 1164 ludibrium
1475 1115 1624 1174 miles,

82 1199 390 1268 disjectisque,
413 1197 492 1262 qui
522 1195 722 1247 tribunal
752 1196 1016 1254 tuebantur,
1039 1205 1248 1242 extrema
1270 1193 1336 1240 vis
1363 1194 1624 1257 parabatur.

85 1276 319 1342 Opposuit
348 1275 501 1324 sinum
535 1273 786 1332 Antonius,
815 1273 972 1320 stricto
995 1271 1139 1331 ferro,
1177 1277 1210 1299 “
1235 1283 1313 1319 aut
1346 1271 1545 1318 militum
1575 1287 1628 1319 se

83 1358 120 1386 “
153 1354 381 1412 manibus,
414 1363 493 1400 aut
527 1352 619 1400 suis
653 1351 931 1399 moriturum
946 1352 979 1373 ''
1004 1353 1263 1399 obtestans:
1303 1360 1352 1396 ut
1391 1361 1628 1413 quemque

83 1442 266 1490 notum,
306 1441 352 1478 et
391 1416 545 1494 aliquo
585 1429 766 1476 militari
807 1431 975 1478 decore
1009 1428 1237 1494 insignem
1275 1437 1532 1490 aspexerat,
1567 1427 1625 1475 ad

85 1507 324 1573 ferendam
358 1524 496 1571 opem
526 1507 714 1560 nomine
738 1507 860 1562 ciens
881 1525 893 1555 :
931 1524 1044 1555 mox
1077 1521 1326 1555 conversus
1349 1505 1406 1551 ad
1429 1503 1558 1569 signa
1579 1514 1628 1552 et

83 1586 317 1635 bellorum
340 1586 470 1638 Deos
493 1590 526 1613 ‘⁶
551 1585 752 1632 hostium
777 1585 933 1649 potius
955 1584 1232 1633 exercitibus
1249 1582 1381 1631 illum
1398 1579 1625 1640 furorem,

86 1663 213 1712 illam
257 1662 530 1710 discordiam
575 1653 864 1727 injicerent,'3
881 1666 900 1692 ⁴
949 1665 1139 1723 orabat3
1194 1662 1341 1709 donec
1398 1657 1627 1707 fatisceret

86 1739 266 1798 seditio,
287 1750 359 1803 et,
393 1751 604 1790 extremo
632 1741 729 1808 jam
751 1740 842 1799 die,
877 1757 959 1788 sua
981 1732 1175 1806 quisque
1207 1739 1256 1785 in
1287 1736 1484 1785 tentoria
1515 1736 1627 1784 dila-

48 1829 50 1831 ’
86 1818 321 1867 berentur.
389 1816 630 1865 Profectus
653 1817 816 1865 eadem
838 1830 974 1866 nocte
995 1818 1255 1874 Flavianu8‚
1291 1813 1436 1862 obviis
1458 1815 1629 1880 Vespa·

81 1893 199 1944 siani
216 1894 389 1953 literis,⁵
407 1894 656 1949 discrimini
674 1908 885 1944 exemtus
907 1908 989 1945 est.

156 2056 235 2099 11.
271 2051 554 2109 mammas,
594 2050 736 2099 veluti
771 2054 875 2101 tabe
908 2052 1109 2111 infectae,
1145 2053 1386 2117 Aponium
1423 2053 1628 2102 Saturni-

88 2141 223 2186 num,
254 2126 441 2176 Moesici
463 2127 698 2179 exercitus
720 2129 943 2195 legatum,
967 2131 1026 2179 eo
1050 2131 1253 2178 atrocius
1276 2124 1628 2197 adgrediuntur,

92 2369 96 2372 .
147 2313 161 2333 ⁸
186 2315 386 2355 Donativz'.
416 2316 477 2354 De
495 2330 573 2367 quo
589 2331 704 2370 supra
715 2320 823 2358 llist.
894 2320 1057 2359 sav-ilius
1077 2321 1222 2370 aliique
1249 2319 1424 2358 nonnulli
1443 2321 1627 2359 Tacitum

89 2377 143 2414 Π·
163 2373 229 2414 94·
895 2370 1161 2420 criminantur,
1174 2375 1279 2424 quod
1296 2375 1352 2411 hae
1370 2374 1501 2419 litera»,
1518 2375 1629 2424 quasi

144 2420 163 2438 ²
208 2421 416 2474 Arguert’l‘·
464 2423 603 2469 Quint·
650 2425 823 2472 Curtius,
894 2442 942 2466 cx
959 2426 1147 2473 machina,
1162 2441 1231 2466 nec
1246 2441 1311 2479 per
1325 2428 1499 2465 locorum
1516 2429 1630 2466 inter-

90 2488 166 2514 νη.
190 2482 223 2515 1.
252 2477 455 2529 trepidatio
480 2478 714 2517 conscientia:
729 2480 826 2517 incli-
896 2483 1010 2529 valla,
1040 2496 1078 2520 re
1105 2482 1153 2519 ad
1186 2482 1464 2532 Vespasianum
1488 2481 1628 2528 delata,

92 2531 202 2571 cium.
856 2583 858 2585 ι
896 2537 1094 2587 prodeant.
1151 2539 1205 2573 At
1242 2536 1394 2573 minime
1426 2536 1629 2574 advertunt

145 2580 162 2607 ³
179 2582 364 2634 Aponius.
383 2586 557 2637 Aponius
583 2587 825 2635 Saturnium,
899 2592 926 2628 F
929 2591 1136 2634 lavianum,
1150 2589 1287 2627 natura
1299 2589 1500 2627 otscnecta
1512 2603 1630 2628 cunc-

94 2637 141 2674 de
161 2651 239 2688 quo
256 2652 373 2688 supra
392 2653 479 2690 cap.
499 2644 540 2684 9.
899 2652 1071 2689 tutorem,
1099 2644 1146 2685 ad
1170 2644 1442 2694 Vespasianum
1474 2644 1631 2681 missum

145 2688 166 2713 ⁴
218 2691 444 2752 gustarent.
502 2694 567 2732 Sic
621 2695 825 2746 Virgilius,
899 2698 1035 2742 fuisse;
1060 2711 1106 2735 ac
1127 2699 1296 2750 proinde,
1315 2698 1406 2735 dum
1428 2697 1532 2735 lvnte
1549 2710 1631 2748 per-

94 2743 276 2803 Georgic.
296 2758 364 2784 111.
384 2749 476 2786 513.
798 2753 799 2756 ’
898 2760 1012 2801 geret,
1040 2753 1220 2789 edoctum
1246 2752 1295 2788 ab
1325 2751 1496 2788 Antonio
1526 2751 1633 2789 Prin-

899 2806 1023 2857 cipem
1057 2806 1187 2842 obvias
1216 2806 1356 2843 misisse
1387 2805 1528 2850 literas,
1548 2805 1632 2855 qui-

901 2860 971 2898 bus
998 2859 1226 2902 Flavianum
1252 2858 1464 2898 discrimini
1488 2859 1634 2897 exime·

899 2920 968 2952 ret.

93 2851 138 2878 172
150 2852 277 2879 meliora
286 2853 359 2887 piis,
371 2860 565 2887 erroremque
578 2852 712 2884 'coetibus
723 2857 827 2885 illum!

148 2941 164 2965 ⁵
198 2943 235 2983 V
232 2946 432 3006 espasianil
451 2947 589 2993 literis,
630 2950 827 2990 Eruditus
853 2966 856 2969 ³
