1786 3204
32 169 72 210 J
93 167 147 207 c.
174 162 242 210 69.
381 155 770 200 insTomARUM
800 135 1215 194 LIBER’PmMUs.
1526 153 1584 190 ιε

32 249 272 335 tamquam
294 276 558 331 usurpatam
589 261 725 310 etiam
751 259 799 308 in
830 260 970 323 pace¹
1010 256 1212 307 donativi
1246 255 1579 319 necessitatem,

35 349 160 399 bello
177 344 493 411 perdidissent.
554 342 749 390 Constat
770 337 971 402 potuisse
994 335 1224 384 conciliari
1237 334 1416 383 animos
1434 350 1583 425 quan-

35 425 338 488 tulacumque
359 420 484 486 parci
506 419 625 468 senis
647 415 927 465 liberalitate.
995 413 1170 462 Nocuit
1192 412 1406 477 antiquus
1432 412 1580 479 rigor,

37 514 83 552 et
104 501 245 551 nimia
265 498 508 558 severitas;
544 492 618 544 cui
629 497 726 561 jam
748 509 880 557 pares
901 507 999 539 non
1020 507 1194 539 sumus.

50 700 55 705 ι
109 668 339 716 19.1Nm‹:
363 663 486 728 apud
509 672 716 710 senatum
733 675 828 708 non
851 656 1047 706 comtior
1065 657 1249 714 Galbae,
1267 672 1363 707 non
1380 657 1581 744 longior,

39 761 185 812 quam
227 744 352 808 apud
395 738 609 799 militem,
661 754 843 803 sermo:
900 734 1077 784 Pisonis
1121 734 1264 782 comis
1308 735 1483 784 oratioz
1532 748 1584 785 et

38 835 224 889 patrum
246 820 377 869 favor
399 820 582 866 aderat.
619 815 752 864 multi
775 814 1038 871 voluntate3
1077 811 1287 869 effusius,
1319 812 1399 876 qui
1422 813 1582 862 nolue-

39 911 172 959 rant3
223 898 411 956 medie,2
455 907 501 944 at
539 894 742 960 plurimi,
790 890 935 939 'obvio
980 889 1200 954 obsequio
1245 889 1440 953 privatas
1475 907 1583 955 spes

39 978 277 1043 agitantes,
298 975 395 1023 sine
417 971 602 1038 publica⁴
620 970 747 1020 cura.
815 970 919 1017 Nec
936 967 1059 1015 aliud
1077 967 1284 1031 sequenti
1304 968 1552 1032 quatriduo
1565 970 1582 998 ⁸

18 1055 194 1119 (quod
216 1053 422 1101 medium
454 1051 573 1099 inter
606 1043 902 1113 adoptionem
938 1057 983 1094 et
1017 1046 1193 1093 caedem
1215 1044 1326 1107 fuit)
1353 1046 1532 1096 dictum
1552 1045 1589 1105 ἰ,

39 1132 206 1182 Pisone
238 1131 284 1178 in
311 1129 515 1194 publico,
549 1126 796 1176 factumve.
868 1123 1190 1174 Crebrioribus
1229 1122 1276 1173 in
1262 1123 1416 1247 d&ies
1463 1125 1584 1173 Ger-

42 1209 239 1257 manicae'
261 1205 527 1255 defectionis
561 1204 751 1263 nuntiis,
783 1214 828 1251 et
862 1201 983 1250 facili
1023 1200 1199 1248 civitate
1234 1217 1262 1248 a
1324 1199 1586 1265 accipienda

14 1286 365 1349 credendaque
420 1283 575 1331 omnia
615 1299 752 1340 nova,
808 1280 923 1329 cum
962 1278 1104 1326 tristia
1140 1288 1264 1335 sunt,
1314 1289 1587 1328 censuerant

43 1375 194 1428 patres
216 1362 462 1410 mittendos
480 1363 541 1410 ad
572 1359 907 1411 Germanicum
929 1356 1184 1406 exercitum
1208 1356 1410 1421 legatos:
1447 1357 1587 1423 agita-

42 1452 145 1489 tum
162 1440 359 1499 secreto,
376 1456 491 1487 num
508 1450 553 1487 et
568 1439 675 1507 Piso
691 1439 1057 1503 proficisceretur
1073 1454 1087 1494 ς
1113 1436 1285 1500 majore
1299 1446 1552 1497 praetextu:
1568 1437 1590 1467 ⁶

43 1517 109 1566 illi
125 1517 441 1566 auctoritatem
467 1517 671 1576 senatus,
705 1516 779 1565 hic
816 1514 1127 1580 dignationem
1165 1513 1364 1562 Caesaris.
1395 1513 1586 1563 laturus.

42 1596 258 1646 Placebat
280 1607 325 1644 et
347 1597 599 1654 Laconem,
631 1594 834 1659 praetorii
855 1590 1145 1658 praefectum,
1181 1590 1316 1638 simul
1343 1590 1473 1639 mitti.
1541 1594 1588 1642 Is

39 1673 234 1723 consilio
250 1676 265 1701 ⁵
302 1673 567 1721 intercessit.
637 1671 798 1737 Legati
828 1687 1016 1736 quoque
1053 1671 1184 1733 (nam
1215 1679 1397 1717 senatus
1435 1670 1586 1719 electi.

46 1766 186 1799 onem
210 1750 376 1800 Galbae
394 1749 684 1814 permiserat)
706 1748 835 1798 foeda
857 1745 1158 1796 inconstantia
1179 1745 1417 1808 nominati,
1445 1764 1587 1796 excu-

45 1827 147 1888 sati,
179 1827 426 1887 substituti,
459 1828 634 1876 ambitu
656 1818 940 1886 remanendi,
975 1835 1054 1873 aut
1077 1823 1233 1884 eundi,
1272 1834 1323 1874 ut
1353 1841 1588 1894 quemque

47 1916 215 1965 metus,
248 1906 323 1955 vel
344 1922 465 1970 spes,
496 1905 754 1970 impulerat.

106 2147 120 2165 ¹
148 2148 275 2187 Etiam
302 2150 342 2186 in
360 2162 465 2199 pace.
505 2150 570 2187 Sic
593 2149 783 2188 Claudius

50 2203 274 2241 donativum
322 2203 483 2250 addidit,
529 2204 619 2241 cium
679 2205 783 2242 Nero

54 2257 322 2306 proconsulare
341 2257 545 2306 imperium
571 2266 682 2295 extra
714 2258 785 2295 Ur-

54 2310 140 2400 Zem
161 2311 364 2362 acciperet,
395 2323 512 2361 supra
539 2311 681 2348 Annal.
702 2324 784 2349 xn.

86 2369 121 2401 1.

108 2413 128 2432 ²·
168 2417 309 2455 Media.
369 2417 398 2455 F
400 2418 495 2463 orte,
525 2419 648 2456 medii.

54 2477 133 2508 not.
152 2478 190 2508 ct
206 2471 356 2508 emend.
376 2471 424 2508 ad
444 2472 543 2509 Hist.
563 2484 592 2510 1.
618 2476 679 2515 19.

109 2521 124 2544 ³
147 2524 324 2575 Sequenti
340 2525 553 2575 quatriduo.
572 2526 696 2563 Paulo
717 2525 786 2563 ali-

684 2400 785 2458 'vide

56 2582 113 2615 ter
131 2578 287 2616 Sat-ton.
307 2578 347 2615 in
372 2577 514 2624 Galba,
536 2586 645 2617 xvn.
683 2579 788 2617 Piso-

55 2643 141 2668 nem
174 2632 348 2680 perduxit
380 2631 418 2668 in.
452 2638 590 2678 castra,
635 2646 680 2670 ac
714 2645 785 2682 pro

52 2685 230 2722 *concione
241 2685 460 2735 adoptavit:
481 2699 525 2723 ne
541 2690 629 2723 tunc
642 2686 785 2736 quidem

57 2738 226 2775 donativi
242 2738 322 2776 ulla
336 2738 642 2788 mentionefhctd
655 2754 667 2776 :
689 2741 787 2788 quod

24 2810 27 2812 ·
43 2791 264 2843 faciliorem
277 2792 498 2830 occasionem
510 2793 644 2830 Marco
657 2792 786 2830 Salvio

58 2844 198 2884 Othoni
209 2846 370 2899 pr-’oebuit
392 2846 612 2897 perficiendi
639 2852 785 2892 conata,

853 2148 958 2187 intra
1014 2154 1155 2186 sartum
1211 2145 1422 2198 adoptionis
1477 2146 1586 2186 diem.

855 2202 1120 2248 Quatriduum
1156 2200 1256 2239 dixit
1292 2199 1464 2246 '1·aeitus‚
1509 2213 1587 2240 non

853 2256 1060 2295 numeratis
1078 2254 1292 2305 adoptionis
1314 2262 1351 2292 et
1377 2255 1491 2293 caedis
1508 2255 1589 2297 die-
1662 2283 1666 2288 .

855 2312 939 2348 bus.
1016 2310 1117 2347 Nam
1156 2308 1253 2345 infra
1285 2321 1370 2359 cap.
1408 2311 1472 2352 29.
1504 2308 1587 2360 ipso

854 2365 1012 2401 'Tacitus
1033 2363 1145 2408 dixit,
1162 2367 1286 2400 sextus
1305 2362 1382 2399 dies
1399 2362 1543 2413 agitur.

906 2416 925 2438 4
949 2417 1108 2467 Major-e
1131 2420 1331 2466 praetextu.
1360 2416 1420 2453 Ad
1446 2428 1590 2466 augen-

855 2472 941 2508 dam
962 2471 1160 2523 legationis
1182 2469 1403 2518 dignitatem
1431 2477 1470 2507 et
1495 2481 1589 2508 auc-

854 2526 1060 2562 toi-intem.
1117 2523 1180 2561 Sic
1202 2522 1299 2560 infra
1316 2535 1402 2573 cap.
1419 2521 1483 2566 76.
1503 2527 1588 2561 erat

851 2579 999 2629 grande
1017 2582 1233 2615 momentum
1244 2589 1283 2613 πη
1297 2575 1439 2614 nomine
1457 2577 1588 2624 Urbis,

855 2646 898 2670 ac
914 2636 1100 2685 praeteoetu
1115 2628 1280 2669 senatus.

908 2683 924 2705 ⁵
953 2682 997 2722 Is
1018 2684 1184 2722 consilio.
1215 2682 1342 2722 Laco
1333 2696 1414 2733 ipse
1428 2684 1589 2722 consilio

857 2738 1079 2776 intercessit.
1119 2737 1213 2775 Haec
1229 2737 1275 2773 :ld
1294 2737 1467 2775 Pisonem
1483 2743 1589 2776 retu.

858 2792 902 2829 lit
927 2791 989 2830 Cl.
1018 2792 1246 2836 Davanzati,
1276 2790 1411 2829 Pisone
1438 2796 1590 2831 co'ntm-

859 2846 971 2883 disse.
