2210 3978
234 193 332 246 574
474 211 478 213 ¹
742 187 947 239 NOTAE
984 186 1070 235 ET
1104 186 1661 236 EMENDATIONES
1741 255 1743 257 y

225 324 230 327 “
308 313 562 369 Doctores
583 313 867 386 sapienties.
942 311 1072 365 MS.
1100 312 1262 366 Corb.
1287 314 1610 384 sapientium.

312 407 595 480 Ceteraque
619 416 763 460 extra
789 405 1035 459 animum.
1113 403 1244 459 MS.
1282 406 1412 475 Agr.
1451 415 1715 478 ceteroque
1738 425 1855 479 quec-
1873 416 2017 462 extra
2042 394 2163 470 ani}

235 519 392 555 mum.

311 684 398 739 CA
412 702 462 738 Ρ.
487 685 539 739 6.
581 682 826 755 Egregiis
850 682 1115 754 utriusque
1141 683 1461 736 orationibus
1484 693 1739 737 testatum.
1814 683 1961 738 Bene
1993 684 2178 741 MSS.

239 778 382 834 Flor.
405 776 537 845 Reg.
554 775 708 829 Harl.
728 775 883 828 Bodl.
902 775 937 829 J
942 794 1012 827 es,
1035 773 1196 827 Corb.
1215 775 1344 844 Agr.
1370 775 1616 829 editiones
1640 787 1834 830 veteres
1853 789 1905 831 et
1921 776 2167 845 Ryckius.

239 868 392 923 Male
420 870 716 932 Rhenanus,
741 868 957 940 egregiis
971 867 1291 921 orationibus
1315 860 1578 939 utriusque
1603 877 1870 922 certatum.
1906 861 2170 923 Tentabat

240 980 448 1032 quoque
474 959 741 1024 MuretuS,
767 960 1025 1039 utrinque.

315 1053 406 1106 De
446 1053 656 1124 amperio
701 1050 1004 1122 Vespasiani
1045 1052 1331 1106 censebant.
1407 1053 1551 1112 Quid
1589 1054 1805 1107 Senatus
1850 1055 1914 1106 de
1948 1050 2168 1129 imperio

243 1144 541 1215 Vespasiani
567 1143 837 1208 censuerit,
878 1144 1139 1213 quomodo
1167 1155 1351 1198 cuncta
1379 1126 1708 1215 Principibus
1747 1145 1898 1199 solita
1920 1143 1967 1197 ei
1993 1146 2168 1197 decre·
2200 1199 2210 1210 .

240 1237 386 1302 verit,
426 1237 603 1307 paucis
644 1234 1050 1306 expediendum:
1104 1236 1256 1289 simul
1299 1236 1473 1307 legis
1460 1237 1681 1332 imperii,
1720 1255 1811 1291 seu
1849 1236 1976 1308 legis
2014 1234 2168 1307 regioe

236 1329 520 1400 ‘primordia
540 1331 745 1400 fataque
770 1327 1088 1399 explananda
1108 1339 1241 1382 sunt.

803 1866 922 1924 DE
962 1866 1189 1924 LEGE
1229 1869 1610 1938 IMPERII,

504 2025 798 2082 DICTA
853 2024 1230 2086 QUOQUE
1278 2019 1527 2082 LEGE
1574 2026 1897 2083 REGIA.

323 2376 528 2447 Regum
552 2375 739 2447 primo,
765 2373 942 2427 deinde
967 2374 1240 2429 duodecim
1259 2374 1577 2429 Tabularum
1596 2375 1790 2450 legibus
1810 2373 1979 2446 paruit
2000 2394 2170 2447 popu-

249 2469 328 2523 lus
379 2469 662 2522 Romanus.
738 2467 873 2520 Orta
921 2468 1140 2536 posthac
1183 2466 1437 2520 discordia
1483 2464 1692 2537 plebem
1729 2469 1858 2522 inter
1891 2478 1944 2522 et
1981 2479 2172 2540 patreS‚

247 2562 397 2633 plebs
422 2561 557 2615 sibi
533 2580 654 2632 Jura
678 2538 960 2624 constituit,
990 2579 1102 2631 quae
1117 2559 1397 2630 plebzscita
1424 2573 1602 2613 vocata
1632 2573 1764 2629 sunt,
1784 2572 1837 2615 et
1851 2580 1947 2632 pro
1969 2561 2172 2631 legibus

249 2651 362 2723 lege
401 2652 688 2706 Hortensia
713 2655 998 2705 observata.
1070 2653 1147 2706 At
1183 2651 1471 2704 labentibus
1502 2653 1683 2706 seculis
1710 2653 2045 2724 plurimisque
2067 2652 2172 2706 vic-

247 2745 390 2799 toriis
413 2745 483 2797 ita
497 2745 653 2797 crevit
678 2745 904 2815 populus
937 2745 1218 2810 RomanuS,
1239 2755 1297 2796 ut
1317 2744 1370 2796 in
1392 2745 1534 2797 tanta
1558 2744 1824 2798 hominum
1848 2746 2003 2799 turba
2021 2744 2190 2817 plebs?

248 2837 459 2891 difficile
496 2837 786 2890 conveniret
806 2858 818 2890 z
873 2837 1045 2907 itaque
1082 2836 1352 2890 necessitas
1401 2836 1513 2906 ipsa
1554 2857 1729 2890 curam
1767 2837 2064 2907 reipublicae
2107 2838 2174 2891 ad

249 2940 481 2984 senatum
500 2930 725 2982 deduxit.
802 2929 981 2999 Coepit
1004 2929 1127 2999 ergo
1152 2940 1352 2982 senatus
1377 2949 1431 2981 se
1464 2928 1813 2999 interponere3
1847 2938 1899 2981 et
1922 2928 2173 3000 quidquid

251 3020 614 3085 constituisset,
634 3023 1024 3074 observabatur:
1042 3022 1129 3091 jus
1148 3021 1276 3073 illud
1294 3020 1654 3091 appellabatur
1669 3020 2188 3079 senatusconsultum..

253 3112 392 3166 Cfim
405 3114 539 3185 juris
564 3113 901 3166 constituendi
925 3114 997 3166 vis
1023 3115 1085 3166 ad
1113 3112 1381 3183 pauciores
1405 3113 1478 3165 ita
1502 3113 1801 3180 devenisset,
1826 3113 1984 3167 Caius
1997 3112 2172 3168 Julius

254 3204 431 3258 Caesar
454 3205 506 3258 in
529 3225 583 3258 se
609 3225 768 3258 unum
792 3205 932 3279 illam
956 3205 1139 3272 traxit3
1177 3216 1228 3258 et
1253 3224 1408 3276 quam
1432 3205 1584 3258 armis
1617 3205 1712 3258 sibi
1725 3206 1840 3277 jam
1865 3206 2190 3272 adseruerat„

250 3315 367 3349 eam
415 3298 579 3350 adhuc
633 3296 807 3367 legum
862 3298 1161 3351 auctoritate
1205 3297 1453 3350 munitam
1500 3297 1676 3351 voluit.
1749 3297 1821 3352 A.
1845 3296 1916 3350 U.
1942 3295 2008 3350 C.
2047 3299 2173 3356 706.

251 3387 301 3441 ei
325 3390 517 3454 datum,
555 3400 613 3442 ut
645 3391 708 3442 de
745 3390 1079 3460 Pompeianis
1104 3389 1350 3443 arbitratu
1373 3409 1468 3442 suo
1493 3399 1766 3444 statueret:
1803 3408 1945 3455 mort,
1969 3388 2174 3460 arrepta

254 3499 319 3533 ex
344 3480 569 3534 motibus
595 3481 791 3536 Africae
818 3482 1006 3553 specie,
1036 3484 1300 3536 decretum
1326 3492 1385 3536 ut
1408 3482 1455 3535 ei
1492 3482 1615 3536 belli
1652 3482 1893 3554 pacisque
1917 3482 1969 3536 in
1993 3499 2172 3536 omnes

252 3571 483 3627 homines
510 3573 599 3644 jus
623 3585 772 3642 esset,
796 3575 891 3629 etsi
915 3595 1081 3648 neque
1106 3577 1171 3631 ad
1193 3584 1441 3644 senatum,
1466 3594 1632 3649 neque
1655 3576 1719 3630 ad
1742 3574 2083 3648 populu'mde
2106 3572 2169 3637 ijs
