1786 3204
439 137 851 180 ἸΠΙΞἹῸΒῙΑΪΗῘΜ
882 135 1046 176 LIBER
1071 135 1318 177 TERTIUS.

81 146 121 186 J.
141 145 186 184 C.
215 141 283 189 69.
1550 142 1625 179 185

87 250 288 317 pandam
331 245 479 311 ripam
516 243 630 294 AEni
672 241 908 301 fluminis,¹
958 241 1086 306 quod
1136 241 1299 291 Raetos
1316 241 1639 308 'Noricosque-

83 324 321 384 interfluit,
356 323 549 371 missus:
586 339 672 370 nec
704 320 792 378 his,
826 332 904 368 aut
937 319 1042 379 illis,
1076 319 1290 384 praelium
1333 322 1631 382 tentantibus,

85 403 274 453 fortuna
294 401 494 467 partium
515 399 621 448 alibi
642 409 879 455 transacta.
1004 407 1009 411 ·

154 564 200 606 6.
236 560 511 615 ANToNlo,
528 553 789 603 vexillarios
803 553 829 601 ὲ
853 553 1138 613 cohortibus,
1157 565 1202 601 et
1224 564 1402 617 partem
1420 553 1631 619 equiturn

75 636 146 686 ad
165 628 471 683 invadendam
493 632 668 681 Italiam
700 630 908 695 rapienti,
943 646 1099 679 comes
1135 629 1222 678 fuit
1258 631 1426 680 Arrius
1459 633 1630 692 Varus,

86 725 301 763 strenuus
319 711 473 770 bello;
499 727 640 775 quam
661 708 857 775 gloriam
876 719 920 756 et
943 708 1042 756 dux
1066 708 1318 767 Corbulo,²
1333 719 1378 756 et
1395 726 1630 774 prosperae

87 791 136 839 in
169 788 395 839 Armenia
417 805 492 836 res
513 787 794 835 addiderant.
864 787 1012 843 Idem,
1047 790 1082 813 “
1104 786 1289 834 secretis
1323 789 1446 850 apu'd
1480 789 1633 836 Nero-

89 874 125 897 “
158 884 268 917 nem
290 865 630 924 sermonibus,''
654 862 888 911 ferebatur
911 868 944 890 ‘⁶
971 862 1252 911 Corbulonis
1275 863 1464 911 virtutes
1483 865 1632 912 crimi-

89 950 123 975 “
156 946 342 994 natus.”
411 943 554 991 Unde
591 939 767 989 infami
789 939 936 1005 gratia
979 939 1183 1003 primum
1221 940 1368 1003 pilum
1385 932 1410 968 ³'
1446 942 1630 1005 adepto,

85 1023 194 1073 laeta
232 1023 290 1071 ad
329 1037 536 1086 praesens
568 1019 690 1067 male
729 1029 874 1082 parta,
915 1034 1028 1065 mox
1061 1017 1108 1064 in
1147 1018 1396 1082 perniciem
1433 1019 1631 1068 vertere.

89 1102 184 1150 Sed
215 1100 398 1150 Primus
421 1116 472 1147 ac
496 1100 664 1157 Varus,
686 1094 910 1160 occupata
932 1095 1167 1159 Aquileia,
1200 1095 1248 1142 in
1270 1096 1483 1159 proxima
1505 1114 1633 1160 quae-

86 1196 197 1245 que,
247 1190 294 1227 et
349 1176 576 1241 Opitergii
620 1187 666 1224 et
708 1173 855 1222 Altini
869 1177 888 1203 ⁴
932 1175 1046 1238 laetis
1091 1173 1252 1221 animis
1307 1173 1625 1237 accipiuntur:
1659 1228 1661 1232 y

87 1257 303 1305 relictum
325 1255 472 1303 Altini
505 1253 789 1318 praesidium,
816 1252 1040 1301 adversus
1069 1252 1261 1299 classem
1296 1251 1632 1310 Ravennatem,

89 1334 301 1383 nondum
324 1331 578 1381 defectione
601 1333 698 1395 ejus
715 1334 728 1359 ⁵
761 1330 945 1378 audita:
981 1330 1088 1377 inde
1110 1329 1348 1378 Patavium
1382 1339 1427 1376 et
1448 1327 1631 1377 Ateste⁶
1670 1379 1678 1386 ‚

90 1411 293 1477 partibus
307 1411 581 1476 adjunxere:
598 1409 688 1458 illic
704 1409 959 1474 cognitum,
974 1413 1008 1436 “
1022 1419 1115 1456 tres
1123 1406 1385 1455 Vitellianas
1399 1406 1631 1465 cohortes,

89 1495 126 1517 “
161 1501 206 1537 et
242 1489 380 1547 alam,
420 1487 494 1535 cui
533 1486 844 1535 Scribonianae
883 1502 1073 1544 nomen,
1112 1485 1171 1532 ad
1205 1486 1381 1531 Forum
1421 1482 1632 1543 Allieni,⁷

90 1572 124 1596 ‘⁶
160 1566 300 1631 ponte
338 1568 517 1632 juncto',
557 1563 865 1614 consedisse.”
945 1563 1123 1611 Placuit
1165 1561 1343 1610 occasio
1386 1560 1631 1609 invadendi

89 1644 372 1692 incuriosos:
407 1658 516 1690 narn
537 1642 586 1690 id
608 1658 795 1707 quoque
824 1641 1147 1690 nuntiabatur:
1184 1640 1288 1687 luce
1310 1638 1478 1703 prima,
1509 1638 1630 1686 iner-

91 1737 194 1770 mos
214 1722 459 1787 plerosque
481 1736 765 1784 oppressere.
832 1718 1131 1776 Praedictum,
1154 1722 1187 1745 ‘⁶
1213 1728 1281 1775 ut,
1315 1716 1470 1780 paucis
1491 1715 1630 1764 inter-

91 1804 127 1828 “
160 1797 307 1858 fectis,
345 1809 521 1847 ceteros
558 1781 728 1862 pavore
763 1795 822 1844 ad
838 1836 840 1838 .
857 1795 1124 1843 mutandam
1160 1794 1303 1841 fidem
1341 1803 1561 1858 cogerent
1577 1793 1629 1841 :”

93 2017 166 2058 sub
203 2014 449 2066 dispositione
487 2013 596 2053 ducis
634 2013 825 2052 Armeniae

95 2077 328 2109 memoratur
359 2070 394 2105 A
410 2069 438 2105 L
446 2070 482 2106 A
526 2071 562 2106 A
574 2069 612 2105 V
625 2067 659 2106 R
670 2067 685 2104 1
697 2071 730 2106 A
743 2070 777 2106 N
788 2070 824 2105 A

97 2125 136 2163 D
147 2127 180 2162 A
193 2125 258 2162 SC
270 2123 383 2161 VSA
396 2122 442 2160 E.
499 2122 684 2166 Dascusa,
723 2133 825 2159 nunc

94 2178 303 2230 Arzingam
326 2175 402 2214 dici
415 2183 574 2227 putant.
623 2176 724 2213 Vide
741 2188 826 2213 eru-

94 2233 219 2270 ditum
238 2229 441 2282 wesseling
420 2231 537 2277 oium,
556 2230 730 2268 Itinerur.
747 2232 828 2267 An—

91 2287 213 2324 tonin.
243 2298 283 2338 p.
302 2290 394 2330 209.

150 2387 164 2406 ¹
197 2389 289 2429 AEm‘
306 2388 494 2439 fluminis.
553 2384 687 2434 AEnus,
721 2399 824 2425 nunc

92 2444 158 2482 the
176 2442 265 2484 Inn.
282 2444 348 2493 qui
377 2443 416 2480 in
445 2442 676 2480 Danubium
700 2441 826 2479 influit

93 2510 213 2567 prope
232 2497 397 2535 Pas-saw.
477 2516 548 2555 ff

148 2549 287 2589 ²Dux
306 2550 481 2589 Corbulo.
509 2549 572 2587 De
591 2544 825 2595 Corbulone,

93 2612 132 2643 ct
162 2606 276 2643 rebus
304 2605 345 2641 in
375 2603 558 2642 Armenia
586 2603 708 2654 gestis,
740 2603 826 2640 vide

95 2659 238 2697 Annal.
259 2669 362 2702 xlx-1.
380 2662 431 2695 35
449 2666 488 2695 et
504 2671 582 2708 seq.

150 2709 165 2732 ⁸
195 2712 361 2751 Primum
377 2712 506 2762 pilum.
545 2711 591 2748 Id
607 2717 676 2756 est,
694 2709 825 2761 primi-

95 2766 179 2818 pili,
211 2778 278 2803 seu
314 2766 427 2816 pn‘mi
457 2764 690 2803 centurionis
724 2764 824 2801 ordi·

93 2832 192 2858 nem.

148 2875 167 2894 ⁴
193 2873 385 2926 Opitergii
403 2877 439 2911 et
452 2871 596 2911 Altini.
627 2871 821 2923 Aquileia,

900 2013 1102 2063 Aquileia;
1151 2010 1408 2060 Opitergium,
1454 2008 1626 2053 Oderzo3

900 2066 1091 2113 Altinum,
1125 2065 1273 2112 Altino,
1297 2064 1335 2102 in
1357 2064 1418 2101 tlte
1445 2069 1563 2101 scates
1588 2062 1638 2114 qs

904 2120 1050 2158 Venice.

953 2171 966 2194 ⁵
997 2172 1220 2225 Defectione
1237 2175 1331 2225 ejus.
1353 2172 1414 2209 De
1433 2169 1510 2220 qua
1527 2170 1629 2208 Hist.

899 2231 1047 2266 11.100
1066 2234 1103 2264 ct
1126 2231 1213 2264 101.

951 2276 969 2298 ⁶
1013 2281 1213 2318 Patavmm
1250 2284 1310 2317 et
1322 2279 1467 2317 Ateste
1515 2278 1629 2316 Pata-

898 2335 1016 2380 vium,
1036 2334 1195 2379 Padua;
1218 2336 1361 2380 Ateste,
1380 2334 1488 2378 Aste,
1505 2332 1546 2369 in
1566 2332 1630 2370 tlte

897 2396 996 2426 state
1013 2388 1063 2440 qf
1078 2388 1224 2426 Venice.

951 2439 967 2462 ⁷
998 2442 1135 2480 Forum
1169 2441 1325 2479 Allieni
1370 2440 1488 2478 Nunc
1536 2438 1628 2477 Fer-

898 2509 1003 2541 rara,
1023 2509 1069 2533 on
1089 2495 1150 2533 the
1170 2495 1239 2532 Po.
1274 2494 1390 2531 Haud
1411 2503 1536 2532 tamen
1555 2493 1630 2531 dis-

893 2550 1154 2587 simulaverim
1177 2549 1377 2586 Muretum
1398 2549 1436 2585 in
1458 2547 1626 2597 margine
1687 2582 1689 2585 .

893 2603 1123 2653 exemplaris
1153 2603 1226 2648 sui,
1251 2602 1355 2653 quod
1386 2602 1462 2639 vidi
1493 2602 1627 2639 Romae

894 2657 936 2695 in
974 2656 1229 2709 Bibliotheca·
1257 2655 1418 2706 Collegii
1463 2655 1628 2692 Romani

896 2712 984 2749 Soc.
1001 2711 1104 2756 Jesu,
1121 2709 1287 2748 notasse:
1310 2710 1410 2747 Puto
1429 2721 1532 2746 nunc
1551 2722 1628 2746 esse

895 2764 1082 2816 Lignano.
1140 2763 1270 2814 Vulga
1298 2763 1499 2801 scribimus
1527 2762 1628 2813 Leg-

893 2832 1004 2864 nano,
1024 2831 1068 2855 on
1094 2817 1155 2856 the
1175 2818 1314 2868 Adige‚
1342 2830 1365 2855 α
1391 2817 1504 2855 small
1530 2823 1628 2854 town

890 2873 930 2911 iu
945 2873 1006 2911 tlte
1019 2877 1135 2909 states
1151 2871 1198 2923 qf
1211 2870 1360 2909 Venice,
