1760 3210
191 160 273 196 314
695 156 741 195 C.
760 155 1027 195 CORNELII
1054 156 1241 199 TAcrrl
1431 165 1483 203 A.
1502 163 1730 208 Uaeflussssfl.

187 263 220 286 ‘⁶
248 258 439 326 egregia
464 227 725 310 castrortim
747 258 1049 320 munimenta,
1062 259 1351 314 frumentum
1379 275 1426 316 et
1446 271 1732 320 commeatum

178 342 219 366 ‘⁶
246 338 461 404 quamvis
483 338 626 403 longo
647 337 773 386 bello
794 353 940 401 par-es.
1001 339 1210 388 Pecunia
1235 356 1388 407 nuper
1415 343 1553 393 etiam
1587 346 1730 396 dona-

175 418 223 457 .“
246 415 374 465 ἀνθ’
407 415 616 465 suffecit·
602 451 618 476 ,
667 417 795 480 quod
828 415 924 464 sive
964 433 993 463 a
1026 417 1341 482 Vespasiano,
1351 419 1448 470 sive
1483 439 1511 469 a
1535 421 1730 474 V-iteffio

183 498 218 519 ‘⁶
245 493 409 542 datum
431 492 719 557 interpretari
742 493 972 553 mavultis,
989 494 1048 542 ab
1065 495 1348 560 Imperatore
1365 498 1503 549 certe
1510 499 1729 551 Romulo

185 574 217 597 ‘⁶
248 570 498 634 accepistis,
567 572 663 619 Tot
708 571 942 621 bellorum
986 572 1200 632 victores,
1246 577 1371 640 apud
1421 576 1730 638 Geldubam,⁶'

177 652 214 675 ⁴⁶
245 650 372 713 apud
401 650 587 708 Vetera,
609 647 715 697 fuso
738 648 903 697 totiens
937 649 1086 708 hoste,
1121 650 1159 698 si
1181 651 1354 715 pavetis
1385 653 1561 714 aciem,
1578 654 1728 722 indig-

204 730 366 775 ‘num
399 726 448 774 id
483 726 702 791 quidem:
738 726 820 774 sed
857 737 929 774 est
962 726 1138 774 vallum
1166 728 1399 794 murique,
1431 741 1480 779 et
1515 731 1729 784 trahendi

185 808 217 830 “
248 815 387 864 artes,
409 804 559 853 donec
596 803 626 852 ὲ
666 802 890 868 proximis
913 803 1158 867 provinciis
1201 805 1371 856 auxilia
1404 808 1728 875 exercitusque

184 886 216 909 ‘⁶
247 894 543 931 concurrant.
577 881 699 931 Sane
722 897 811 946 ego
834 880 1127 944 displiceam:
1151 893 1260 931 sunt
1275 883 1348 931 alii
1364 883 1519 950 legati,
1535 885 1727 948 tributi,

182 965 218 988 ‘⁶
249 961 459 1010 centurio
495 959 714 1024 denique,
748 969 827 1008 aut
865 958 1012 1006 miles.
1079 960 1156 1008 Ne
1193 960 1284 1010 hoc
1318 962 1583 1029 prodigium
1624 975 1725 1020 ωω

182 1042 219 1067 ‘⁶
249 1050 480 1088 terrarum
518 1040 633 1086 orbe
677 1037 912 1103 vulgetur,
948 1037 1079 1085 vobis
1113 1038 1399 1098 satellitibus,
1445 1041 1645 1091 Civilem
1671 1052 1726 1093 et

185 1121 217 1144 ‘⁶
250 1117 508 1167 Classicum
538 1115 714 1164 Italiam
752 1115 1005 1175 invasuros,
1080 1118 1162 1163 An
1201 1116 1255 1163 si‘
1276 1117 1336 1164 ad
1372 1119 1545 1167 moenia
1578 1119 1724 1169 Urbis

178 1199 216 1222 “⁶
247 1195 478 1244 Germani
531 1193 755 1258 Gallique
804 1193 1040 1252 duxerint,
1094 1209 1224 1242 arma
1278 1195 1437 1259 patriae
1488 1194 1726 1247 inferetis?
1756 1245 1760 1254 ,

180 1277 215 1299 “
247 1274 425 1322 Horret
462 1272 579 1321 anim
587 1289 642 1320 us
674 1271 787 1319 tanti
816 1270 971 1337 flagitii
1005 1271 1220 1337 imagine.
1307 1273 1476 1322 Turnri
1509 1274 1724 1324 'Tremo

182 1354 216 1377 ⁶⁶
247 1361 446 1418 agentur
464 1348 712 1399 excubiae?
763 1349 963 1414 Signum
979 1349 1089 1397 belli
1111 1346 1309 1401 Batavus
1325 1350 1487 1400 dabit?
1525 1353 1725 1412 Germa·

178 1433 214 1468 '⁶‘
246 1445 418 1478 norum
440 1440 643 1477 catervas
660 1425 959 1492 supplebitis?
992 1426 1096 1491 quis
1117 1427 1286 1476 deinde
1321 1428 1504 1478 sceleris
1539 1427 1724 1480 exitus?

179 1512 212 1539 ‘⁶
243 1509 360 1558 cum
399 1509 627 1556 Romanae
663 1505 868 1571 legiones
897 1516 1058 1553 contra
1090 1505 1371 1555 direxerint:
1406 1505 1658 1574 transfiigoe
1693 1506 1722 1557 ὲ

176 1590 212 1615 “
244 1585 511 1652 transfugiS,
546 1596 592 1633 et
625 1583 884 1648 proditores
919 1582 947 1631 ὲ
987 1583 1315 1647 proditoribus,
1347 1583 1648 1633 inter-recens
1677 1595 1724 1634 et

179 1668 212 1691 ‘⁶
242 1675 381 1715 vetus¹
413 1674 752 1712 sacramentum
800 1661 931 1711 invisi
960 1661 1074 1709 Deis
1108 1661 1346 1717 errabitis?
1426 1664 1516 1721 Te,
1544 1661 1724 1727 Jupiter

180 1747 213 1769 ‘⁶
244 1742 435 1807 optime,
465 1742 685 1800 maxime,
715 1757 858 1804 quem
892 1756 978 1804 per
996 1739 1286 1805 octingentos
1307 1739 1468 1805 viginti
1485 1734 1724 1792 annos-tot

181 1824 212 1847 ‘⁶
243 1819 490 1884 triumphis
510 1819 738 1868 coluimus
756 1837 769 1878 3
803 1829 866 1876 te,
891 1816 1105 1880 Quirine,
1122 1818 1350 1866 Romanae
1371 1833 1536 1882 parens
1549 1817 1723 1877 Urbis,

177 1903 212 1927 ‘⁶
244 1915 413 1964 precor
434 1914 742 1960 venerorque,
781 1907 832 1943 ut
854 1895 891 1943 si
914 1895 1044 1943 vobis
1065 1911 1162 1942 non
1183 1894 1271 1943 fuit
1304 1894 1452 1955 cordi,
1487 1911 1566 1944 me
1583 1894 1721 1944 ‚duce

178 1982 210 2004 ‘⁶
243 1977 344 2026 haec
380 1988 527 2025 castra
561 1975 827 2038 incorrupta
865 1984 912 2022 et
955 1973 1224 2021 intemerata
1260 1973 1450 2032 servari,
1495 1983 1543 2021 at
1588 1970 1717 2037 cert&

179 2060 208 2082 “
241 2055 388 2120 pollui
409 2052 667 2117 foedarique
685 2052 714 2099 a
729 2053 909 2099 Tutore
925 2061 970 2099 et
989 2050 1193 2099 Classico
1211 2066 1270 2098 ne
1287 2050 1454 2099 sinatis,
1486 2049 1718 2103 Mililibus
1743 2105 1750 2111 p

178 2138 208 2160 “
227 2131 470 2187 >Romanis
505 2142 584 2179 aut
616 2129 925 2178 innocentiam
963 2128 1098 2188 detis,
1140 2139 1220 2177 aut
1254 2139 1502 2187 matura-m,
1519 2168 1522 2171 .
1538 2125 1718 2185 etv-*sine

179 2217 210 2238 ‘⁶
243 2210 370 2263 noxa
387 2208 754 2275 poenitentiam.''

242 2372 322 2415 59.
358 2368 532 2413 VARI-E
571 2375 765 2428 excepta
799 2363 944 2412 oratio
976 2362 1098 2412 inter
1133 2378 1283 2428 spem,
1333 2362 1617 2425 metimque,
1662 2370 1721 2408 ac

175 2445 420 2509 pudorem.
487 2442 765 2509 Digressum
788 2443 1034 2501 Voculam,
1058 2453 1103 2490 et
1125 2442 1184 2489 de
1206 2438 1430 2505 supremis
1452 2437 1717 2504 agitantem,

176 2521 326 2571 liberti
366 2520 579 2586 servique
617 2519 899 2586 prohibuere
942 2518 1243 2569 foedissimam
1287 2526 1487 2566 mortem
1501 2518 1515 2544 ³
1554 2524 1717 2582 sponte

230 2757 482 2797 ιΒοηιιΐίια
519 2759 580 2818 De
593 2772 672 2811 quo
689 2771 806 2812 supra
821 2771 907 2811 cap.
1032 2753 1049 2778 ³
1068 2756 1317 2796 Redis-simam
1344 2758 1511 2792 mortem.
1537 2737 1715 2790 Foediasi-

178 2810 248 2882 362·
931 2823 933 2826 ·
981 2825 1082 2850 mam
1101 2819 1213 2848 vocat
1231 2818 1405 2854 mortem,
1420 2819 1506 2858 quae
1517 2802 1713 2848 desertoris

228 2863 496 2907 ²Geldubam..
550 2866 651 2906 Vide
671 2880 787 2919 supra
819 2875 934 2919 cap.
931 2859 1262 2924 proditorisque
1297 2873 1413 2900 manu
1449 2860 1523 2898 obv
1525 2858 1627 2904 enit3
1668 2863 1714 2895 ut

178 2918 458 2960 xxv1.26.32
477 2925 515 2959 et
531 2933 607 2970 seq.
982 2919 1084 2958 recte
1104 2916 1275 2969 explicat
1291 2915 1473 2955 Pithena.
