2210 3978
246 182 347 236 63⁸
612 196 615 199 ’
766 179 974 231 NOTAE
1010 178 1097 228 ET
1131 176 1691 230 EMENDATIONES

245 310 532 383 amicisque
556 327 664 363 rem
701 308 941 375 narranti,
973 308 1178 363 oblatus
1214 319 1291 363 est
1331 308 1566 363 Sosibius
1594 308 1803 380 quidam
1841 304 1944 362 late
1972 315 2182 378 vagatus

243 404 427 470 hom0,
461 403 551 476 qui
577 401 771 473 Sinope
793 401 826 456 ’ἂ
863 422 918 455 se
941 402 1106 456 visum
1137 402 1294 456 talem
1318 402 1580 465 colossum
1613 402 1822 469 diceret,-
1848 400 2055 474 qualem
2090 419 2188 456 rex·

245 496 549 569 imaginatus
586 497 780 550 fuerat:
825 494 966 549 missi
1004 494 1176 567 itaque
1214 495 1417 550 Soteles
1448 506 1499 549 et
1539 483 1823 565 DionysuS,
1860 496 2019 566 longo
2053 492 2186 550 ean-

248 609 378 663 pore
404 600 456 644 et
477 588 631 660 aegre,
653 608 820 661 neque
847 588 953 642 sine
978 589 1299 659 providentia
1324 588 1516 656 divina,
1555 589 1729 642 furtim
1755 588 1984 643 ablatum
2015 588 2191 648 colos.-

251 704 367 742 sum
415 684 481 737 ad
527 701 701 754 regem
749 681 1114 754 pertulerunt.''
1189 682 1365 742 Quem
1410 693 1581 736 autem
1630 681 1912 735 Plutonem
1962 680 2190 752 appellat

252 778 586 842 Plutarchus»,
646 775 733 830 alii
776 795 898 830 eum
952 775 989 830 J
994 794 1141 829 ovem
1192 775 1473 830 nominant.
1565 775 1694 830 Ideo
1744 774 1952 847 Serapis
1996 767 2188 830 Tacito

253 871 437 926 dicitur
463 869 677 942 Jupiter
702 868 827 933 Dis,
853 887 944 923 seu
967 868 1190 939 Jupiter
1202 868 1380 923 Pluto.
1734 885 1738 889 ’
2040 911 2046 923 ,,
2107 889 2119 920 ³

330 964 579 1037 Serapidi
602 972 759 1036 atque
793 962 940 1016 Isidi.
1015 962 1147 1016 MS.
1167 945 1301 1032 Reg.
1330 960 1576 1032 Serapidi
1615 960 1768 1015 Isidi.
1843 960 2021 1015 Editio
2045 960 2190 1032 prin-7

258 1079 399 1131 cepe,
427 1057 674 1129 Serapidi
706 1055 868 1110 Y-sz’di.
942 1053 1188 1110 Eruditus
1212 1055 1432 1109 Savilius
1457 1057 1785 1108 emendatum
1799 1053 1968 1121 vellet,
1990 1052 2192 1107 Osiridz'

258 1163 414 1226 atque
454 1150 606 1205 Isidi.
683 1150 844 1209 Quod
870 1148 1078 1203 minime
1116 1148 1457 1202 necessarium
1494 1158 1587 1202 est.
1659 1147 1848 1201 Vetera
1879 1146 2020 1201 enim·
2053 1149 2210 1217 apud⁴

262 1246 541 1319 AEgyptios
577 1242 837 1313 Serapidis
864 1253 915 1296 et
950 1240 1101 1296 Isidis
1138 1242 1363 1295 nomina.
1438 1242 1543 1295 Sed
1566 1241 1686 1294 cum
1713 1242 1852 1310 apud
1873 1260 1980 1307 eoa,
2014 1240 2195 1297 Ptole-

261 1357 513 1397 maeorum
538 1338 604 1403 vi,
641 1336 793 1392 Jovis
820 1335 960 1390 Ditis
998 1355 1059 1389 ac
1100 1334 1425 1405 Proserpinae
1463 1334 1643 1405 religio
1679 1346 1903 1404 grassata
1940 1345 2038 1400 est,
2070 1345 2193 1394 utne

265 1433 520 1505 AEgyptii,
541 1451 605 1485 ne
624 1429 901 1502 peregrinis
919 1417 1212 1483 nominibus
1226 1428 1552 1494 foedarentur,
1575 1427 1611 1481 J
1616 1447 1767 1481 ovem
1785 1427 1964 1482 Ditem
1980 1426 2199 1499 Serapin

265 1530 454 1595 dixere,
501 1538 552 1579 et
599 1523 961 1593 Proserpinam
1010 1520 1134 1575 Isin.
1208 1519 1274 1573 Id
1321 1531 1461 1591 patet
1507 1540 1571 1573 ex
1623 1519 1924 1584 PlutarchO,
1970 1518 2074 1573 loc.
2109 1519 2196 1582 cit.

264 1633 320 1694 p.
350 1622 449 1676 161
479 1630 531 1674 et
561 1600 678 1674 162.
720 1615 789 1671 Οὐ
814 1620 914 1690 γὰρ
938 1613 1089 1669 ἄλλον
1115 1613 1227 1667 εἶναι
1268 1612 1487 1686 Σάραπιν
1510 1612 1536 1678 ἢ
1561 1614 1640 1667 τὸν
1663 1611 1926 1666 Πλούτωνά
1951 1623 2093 1680 space,
2111 1611 2195 1674 καὶ

253 1717 380 1770 ’Ἶσιν
402 1712 488 1779 τήν
509 1710 899 1786 Περσέφασσαν·
919 1738 934 1755 ·
956 1738 972 1754 ·
992 1738 1006 1756 ·
1022 1711 1090 1762 Οὐ
1114 1712 1215 1781 γὰρ
1241 1708 1403 1760 ἐκεῖθεν
1428 1705 1557 1768 οὗτος
1585 1706 1909 1775 ὀνομαζόμενος
1930 1705 2054 1773 ἧκεν,
2079 1703 2198 1764 ἀλλ”

265 1811 329 1871 εἷς
365 1804 716 1880 Ἀλεξάνδρειαν
766 1803 1000 1872 κομισθεὶς
1035 1802 1090 1855 τὸ
1131 1799 1244 1874 παρ’
1292 1799 1570 1872 Αἰγυπτίοις
1612 1797 1764 1869 ὄνομα.
1794 1804 1877 1852 τοῦ
1921 1798 2198 1862 Πλούτωνος

262 1904 498 1970 ἔκτῆστατο
539 1903 619 1956 τὸν
669 1899 907 1975 Σάραπιν.
982 1897 1055 1952 Et
1100 1898 1173 1951 sic
1213 1895 1363 1950 facile
1405 1894 1654 1965 expliceS,
1702 1913 1817 1966 quae
1865 1893 2196 1960 Macrobius,

262 2002 300 2033 “
327 1994 615 2051 Saturnal.''
641 2012 682 2049 1.
710 2000 763 2053 7.
808 1993 967 2046 habet
1006 1992 1072 2044 de
1116 1989 1372 2060 Serapeis,
1411 1998 1465 2042 et
1511 2007 1605 2041 cur
1645 1997 1787 2041 extra
1833 1987 2207 2064 AEgyptiamm„

261 2090 470 2147 urbium
495 2086 750 2160 pomoeria
772 2086 1082 2140 locarentur.
1160 2082 1454 2154 Conjuncta
1479 2091 1650 2147 autem
1686 2079 1946 2151 Serapidis
1971 2089 2023 2134 et
2046 2079 2196 2137 Isidi!

257 2184 467 2242 numina
490 2180 966 2250 venerationemque
990 2176 1155 2230 multo
1180 2176 1300 2245 post
1322 2175 1606 2246 reperimus
1631 2174 1684 2227 in
1719 2173 1949 2228 nummis
1977 2171 2193 2242 Julimi,

257 2275 613 2348 Imperatoris,
630 2273 843 2345 aliisque
866 2269 1225 2334 monumentiS,
1245 2288 1359 2340 quae
1379 2268 1494 2321 vide
1513 2268 1652 2338 apud
1677 2266 1928 2320 eruditum
1950 2263 2196 2338 Bandnri,

258 2375 293 2405 “
319 2368 654 2426 Numismata
676 2366 1058 2436 Imperatorum
1087 2360 1504 2426 Romanorum?
1527 2359 1651 2413 Vol.
1680 2375 1748 2413 11.
1773 2379 1827 2430 p.
1850 2367 1993 2416 425.
2060 2400 2072 2419 ἱ
2102 2409 2108 2419 ,

332 2463 581 2518 Adventu
619 2459 745 2514 Dei.
819 2456 901 2511 Ita
932 2456 1106 2512 MSS.
1135 2456 1271 2525 Reg.
1310 2453 1466 2508 Harl.
1491 2453 1605 2508 Jes.
1639 2450 1821 2506 Guelf.
1858 2463 1911 2507 et
1946 2451 2193 2516 editiones

259 2566 454 2611 veteres
478 2564 594 2608 ante
619 2553 950 2616 Rhenauum,
979 2548 1068 2621 qui
1093 2567 1122 2600 e
1148 2545 1449 2620 conjectura
1469 2544 1643 2614 edidit,
1667 2544 1900 2601 advectu.
1973 2544 2038 2609 In
2062 2544 2195 2602 MS·-

260 2650 427 2706 Corb.
447 2649 509 2703 de
533 2647 760 2703 adventa
784 2652 835 2699 et
860 2643 1061 2716 origine
1085 2640 1213 2696 Dei.

335 2743 510 2799 Deum
547 2743 729 2814 ipsum.
802 2736 978 2795 Taciti
1014 2734 1257 2806 exemplo
1294 2753 1504 2790 necesse
1541 2742 1617 2788 est
1654 2733 1720 2788 de
1754 2696 2000 2805 Serapide
2033 2730 2192 2818 paulo

259 2838 419 2922 fusius
443 2837 704 2892 disserere.

822 3270 941 3330 DE
980 3267 1158 3327 DEo
1197 3220 1653 3351 SERAPInE.

341 3486 568 3558 Serapis,
606 3486 746 3559 apud
782 3484 1058 3557 AEgyptios
1099 3482 1254 3538 Deus
1286 3479 1560 3546 maximuS,
1597 3474 1772 3548 plures
1806 3445 2202 3550 praecipuocqne

269 3581 522 3654 referebat
546 3579 714 3637 Deos,
787 3578 918 3636 Inde
942 3578 996 3636 in
1025 3576 1203 3636 aversa
1238 3585 1384 3649 parte
1404 3570 1608 3632 nummi
1627 3567 1882 3631 Antonini
1904 3566 2007 3641 Pii,
2042 3582 2198 3650 quein
