1786 3204
51 156 252 211 κακᾶς).
302 173 306 176 ·
358 150 767 204 -msTomARuM
796 149 969 201 LIBER,
990 151 1299 199 SECUNDUS.
1530 158 1625 199 ιιι,

88 324 91 325 ⁷
127 271 210 318 37.
243 264 472 320 Invnmo
507 254 633 324 apud
673 258 902 323 quosdam
933 266 1163 318 auctoreS‚
1202 261 1235 284 “
1272 272 1444 324 pavore
1478 263 1610 324 beni,

62 345 97 372 ‘⁸
127 360 211 408 seu
224 340 410 397 fastidio
421 337 661 403 utriusque
675 335 917 400 Principis,
939 353 1143 401 quorum
1156 336 1324 403 flagitia
1336 355 1390 387 ac
1407 340 1612 393 dedecus

64 424 98 448 “
129 420 358 487 apertiore
385 417 435 477 in
468 416 565 465 dies
596 412 723 462 fama
743 415 1071 473 noscebantur,
1090 408 1339 467 dubitasse
1361 421 1614 482 exercitus,

66 502 100 526 “
133 505 268 558 num,
301 496 451 562 posito
474 493 742 555 certamine,
774 492 849 540 vel
872 491 955 556 ipsi
978 492 1027 557 in
1048 493 1257 542 medium
1279 497 1613 560 consultarent,

67 581 100 604 “
133 577 209 626 vel
230 574 407 625 senatui
427 571 745 638 permitterent
767 570 923 637 legere
945 572 1294 636 Imperatorem.
1362 577 1524 640 Atque
1551 562 1612 627 eo

69 660 100 683 “
133 657 277 704 duces
301 652 594 711 Othonianos
625 648 824 714 spatium
858 665 911 696 ac
951 665 1106 697 moras
1134 651 1339 711 suasisse,
1375 656 1612 720 praecipu&

69 738 112 793 “·
130 732 422 793 Paullinum3
459 729 591 795 quod
623 727 956 776 vetustissimus
994 728 1326 788 consularium,
1354 743 1411 779 et·
1455 734 1632 785 militia}

71 816 103 839 “
134 812 304 869 clarus,
354 808 552 875 gloriam
589 822 856 872 nomenque
898 806 1172 865 Britannicis
1220 798 1616 872 expeditionibus¹

71 894 103 918 “
135 887 428 938 meruisset.”
511 887 617 951 Ego
657 896 709 933 ut
742 883 1064 943 concesserim,
1098 887 1222 949 apud
1255 899 1445 950 paucos,
1479 891 1629 940 tacito

69 980 198 1028 voto,
265 966 469 1032 quietem
522 981 610 1031 pro
670 961 915 1022 discordia,
983 964 1164 1011 bonum
1220 974 1266 1010 et
1319 954 1633 1017 innocentem¹

67 1045 349 1110 Principem,
388 1060 476 1108 pro
510 1040 718 1106 pessimis
746 1057 799 1089 ac
830 1039 1187 1106 flagitiosissimis
1221 1042 1506 1105 expetitum:
1556 1046 1620 1096 ita

67 1141 223 1189 neque
243 1120 526 1180 Paullixium,
540 1119 635 1185 qua⁴
651 1118 896 1185 prudentia
912 1117 1017 1178 fuit,
1031 1118 1255 1183 sperasse,
1273 1122 1620 1186 corruptissimo

70 1202 249 1261 secu10,
281 1212 454 1248 tantam
489 1199 619 1265 vulgi
655 1198 1036 1256 moderationem,
1070 1214 1194 1257 reor,
1229 1209 1298 1256 ut,
1338 1199 1418 1263 qui
1457 1218 1620 1264 pacem

72 1280 184 1338 belli
205 1295 363 1337 amore
391 1278 704 1336 turbaverant,
737 1275 915 1324 bellum
945 1274 1083 1339 pacis
1097 1275 1281 1328 caritate
1302 1276 1588 1340 deponerent
1605 1298 1620 1327 ε

73 1374 227 1423 neque
249 1368 328 1404 aut
356 1354 603 1414 exercitus,
635 1354 804 1420 linguis
833 1354 1134 1418 moribusque
1168 1353 1393 1413 dissonos,
1415 1356 1464 1403 in
1493 1357 1621 1408 hunc

74 1451 354 1491 consensum
374 1433 575 1498 potuisse
598 1433 872 1491 coalescere,
906 1443 986 1479 aut
1001 1431 1177 1496 legatos
1199 1448 1251 1479 ac
1274 1432 1432 1492 duces,
1451 1435 1622 1500 magna.

75 1532 139 1565 ex
161 1524 289 1578 parte
311 1511 474 1570 luxus,
498 1509 724 1576 egestatis,
746 1509 975 1557 scelerum
998 1508 1082 1556 sibi
1105 1508 1329 1568 conscios,
1358 1510 1444 1558 nisi
1473 1513 1635 1577 pollu-,

76 1603 180 1641 tum
202 1589 566 1654 obstrictumque
589 1588 762 1637 meritis
783 1587 875 1637 suis
891 1586 1153 1652 Principem
1163 1604 1398 1653 passuros.

116 1788 121 1792 .
147 1756 227 1796 38.
262 1750 461 1805 VETUS,
492 1763 544 1795 ac
570 1747 667 1812 jam
711 1746 894 1810 pridem
925 1732 1057 1794 insita
1092 1745 1364 1793 mortalibus
1407 1747 1636 1810 potentia:

79 1825 288 1890 cupido,²
309 1842 419 1874 cum
440 1824 619 1889 imperii
635 1823 951 1889 magnitudine
967 1823 1182 1882 adolevit,
1197 1822 1453 1888 erupitque.
1499 1827 1631 1874 Nam

80 1905 221 1952 rebus
242 1902 452 1962 modicis,
486 1902 719 1967 aequalitas
748 1899 883 1950 facile
906 1903 1188 1950 habebatur:
1225 1901 1306 1949 sed
1334 1901 1413 1949 ubi
1436 1904 1634 1958 subacto,

81 1982 215 2041 orbe,
247 1992 294 2029 et
325 1980 506 2030 aemulis
538 1980 731 2029 urbibus
745 1983 759 2009 ³
795 1981 1039 2046 regibusve
1077 1979 1258 2038 excisis,
1295 1997 1479 2028 securas
1514 1988 1627 2045 opes

83 2058 409 2123 concupiscere
437 2076 638 2107 vacuum
676 2058 802 2118 fuit‚4
838 2058 987 2122 prima
1019 2058 1138 2105 inter
1170 2068 1322 2122 patres
1349 2058 1628 2122 plebemque

84 2136 334 2185 certamina
355 2153 582 2185 exarsere.
635 2137 805 2185 -Modb
835 2135 1107 2204 turbulentie
1122 2134 1312 2194 tribuni,
1346 2135 1492 2185 modo
1521 2151 1630 2185 con-

163 2300 178 2319 ¹
216 2303 539 2354 Expeditionibus.
588 2303 650 2341 De
685 2303 825 2355 quibus
891 2303 942 2341 ad
970 2307 1214 2353 postremum,
1248 2302 1344 2340 bella
1377 2302 1505 2342 civilia
1541 2310 1630 2345 orta

92 2368 191 2426 saepe
209 2371 326 2408 supra
342 2359 484 2396 Annal.
504 2369 596 2396 mv.
892 2362 994 2395 sunt.
1051 2357 1124 2394 His
1142 2357 1384 2395 Sallustianis
1405 2357 1631 2396 imitationi·

200 2412 386 2450 Potentioe
421 2413 567 2462 cupido.
611 2411 672 2449 Ita
707 2411 824 2450 ferme
896 2412 980 2458 bus,
1013 2423 1088 2448 non
1106 2411 1304 2457 deteritur,
1331 2413 1394 2448 sed
1415 2411 1628 2461 plurimum

94 2463 298 2504 Sallustius
337 2466 519 2517 Jugurth.
566 2477 627 2503 vl.
665 2463 824 2505 Natura
895 2465 1189 2503 commendatur
1242 2477 1301 2503 ars
1346 2463 1502 2511 Taci'ti;
1549 2467 1633 2516 qui,

75 2520 320 2566 -mortalium‚
351 2521 464 2558 avida
489 2519 636 2570 imperii
664 2525 702 2557 et
728 2533 827 2570 proe-
894 2518 1086 2570 egregium
1109 2519 1248 2556 ducem
1273 2527 1473 2568 sequutus,
1501 2532 1540 2557 se
1562 2533 1631 2571 pa.-

93 2585 176 2623 ceps
192 2574 242 2615 ad
256 2574 469 2623 explendam
481 2573 595 2612 animi
607 2573 826 2623 cupidinem.
895 2586 974 2611 rem
1006 2574 1285 2623 superioremve
1312 2572 1503 2623 praestitit,
1539 2575 1632 2613 cum

147 2622 163 2646 ³
187 2627 367 2668 Urbibus.
401 2627 630 2678 Carthagine
658 2627 828 2666 maxime
895 2627 1098 2664 immensas
1126 2628 1388 2666 Romanorum
1418 2639 1474 2668 res
1498 2635 1536 2665 et
1566 2641 1636 2666 cu-

91 2695 142 2724 vac
165 2680 395 2719 Numantia.
900 2681 1046 2731 pidines
1080 2687 1159 2717 tam
1193 2680 1329 2718 validis
1363 2682 1486 2718 verbis
1522 2682 1637 2721 sensi.-

164 2733 186 2756 4
230 2734 497 2785 Concupiscere
542 2747 696 2774 vacuum
726 2734 829 2785 fuit.
901 2736 1048 2784 busque
1074 2734 1259 2774 coercuit.
1315 2733 1476 2772 Secura-5
1502 2743 1635 2773 aute-m

0 2814 2 2816 -
60 2823 66 2828 .
99 2789 185 2828 Nec
204 2789 315 2826 aliter
333 2789 538 2827 Sallustius
559 2789 708 2839 Fragm.
729 2788 829 2826 Hist.
900 2801 986 2838 opes
1031 2788 1288 2838 concupiscere
1337 2799 1499 2826 vacuum·
1531 2789 1635 2840 fuit,

98 2854 129 2882 1.
147 2848 186 2882 3.
215 2843 433 2893 Postqudm,
459 2848 600 2880 remoto
625 2847 724 2880 metu
756 2841 834 2879 P-u-
900 2842 1005 2880 recte
1051 2841 1237 2891 explicat⁴
1265 2841 1408 2879 Illustr.
1444 2842 1634 2882 Huetius:

98 2898 196 2942 nico,
235 2896 444 2943 simultates
476 2909 645 2934 exercere
678 2908 832 2934 vacuum
901 2907 975 2932 non
1000 2895 1167 2945 amplius
1184 2907 1333 2933 necesse
1349 2895 1424 2932 fuit
1439 2898 1637 2941 securitati

85 2951 188 3003 ficit,
201 2950 373 3002 plurimae
397 2940 526 2995 tiarboe,
554 2950 767 2997 seditiones,
794 2953 834 2988 et
900 2956 1099 3002 partarum
1115 2962 1235 3010 opum
1252 2950 1488 3010 prospicere,
1517 2990 1525 2996 ,
