2210 3978
202 161 305 213 632
586 186 588 188 v
723 153 932 204 NOTAE
969 151 1055 199 ET
1092 151 1194 198 EM
1202 136 1654 198 ENDATIONES

213 286 345 341 MS.
372 285 509 355 Reg.
549 292 601 336 et
638 281 948 335 editionibus
988 269 1263 342 veteribus,
1304 274 1506 349 integr-ii
1547 284 1704 329 manu
1747 278 1796 324 et
1838 267 1865 322 ὲ
1908 265 2150 322 Chaucis.

211 379 365 433 Unde
391 380 620 431 tentabat
651 376 878 445 LipsiuS,
915 372 1118 446 integra
1139 379 1375 425 manente
1399 369 1423 422 ὲ
1452 367 1692 421 Chaucis.
2107 400 2110 401 γ

293 469 548 525 Tolbiaci.
612 468 756 521 Bene
785 467 956 519 MSS.
984 465 1126 519 Flor.
1154 465 1280 537 Agr.
1306 462 1463 517 editio
1489 459 1731 531 princeps
1754 468 1806 510 et
1828 453 2152 509 recentiores.

174 556 176 558 ’
219 564 371 618 Male
399 563 528 616 MS.
557 563 765 614 Fames.
795 558 1049 612 Colbiaci
1125 557 1301 611 MSS.
1328 553 1480 609 Harl.
1524 551 1682 607 Bodl.
1720 550 1833 606 Jes.
1871 557 1924 602 et
1960 543 2156 601 Puteo-

219 658 381 723 lanuS‚
425 654 684 708 Calbiaci.
2201 630 2210 636 s

294 748 416 808 Qua
447 748 672 802 Oceano,
751 745 901 800 Male
928 746 1057 799 MS.
1085 743 1249 797 Corb.
1273 742 1362 814 qui
1391 739 1614 793 Oceano.

300 843 528 897 Classem
570 842 727 895 ultro.
803 840 887 892 Ita
907 838 1061 908 vulgo
1102 837 1233 890 MS.
1260 845 1314 888 et
1354 834 1471 887 lib1i
1508 851 1687 886 omnes
1714 829 1865 883 editi.
1938 824 2004 879 In
2027 773 2156 879 MS.

223 936 354 1008 Agr.
381 935 610 989 Classem
635 932 784 999 ver6,·
822 935 965 1004 quod
991 932 1253 1001 probabat
1278 928 1527 997 Ryckius.

302 1123 453 1176 CAP.
482 1129 569 1175 80.
646 1120 870 1174 Anxius.
947 1117 1096 1171 Male
1122 1116 1374 1181 AlciatuS,
1401 1115 1583 1168 anxius
1609 1123 1699 1166 est.

302 1215 598 1287 Excipitur.
675 1214 848 1267 MSS.
888 1211 1042 1265 Harl.
1076 1211 1233 1267 Bodl.
1272 1210 1306 1264 J
1313 1230 1384 1262 es
1422 1218 1474 1261 et
1513 1206 1853 1272 Puteolanus»,
1890 1205 2163 1276 accipitur.

229 1308 395 1362 Recte
420 1307 787 1361 emendatum
775 1327 825 1359 m
855 1306 984 1359 MS.
1014 1305 1169 1359 Bodl.
1196 1304 1484 1376 excipitur3
1522 1301 1598 1354 uti
1622 1302 1814 1354 habent
1840 1298 1971 1354 MS.
1997 1297 2178 1401 Corb.

230 1402 387 1455 editio
407 1401 649 1471 princeps
675 1411 725 1453 et
750 1400 1074 1452 recentiores.
2146 1423 2150 1427 ·

303 1495 522 1549 Averso.
599 1494 728 1546 Non
754 1495 825 1546 ita
850 1494 981 1546 bene
1009 1492 1138 1545 MS.
1169 1491 1331 1544 Corb.
1355 1500 1408 1544 et
1431 1489 1590 1543 editio
1617 1489 1874 1559 princepS‚
1900 1487 2151 1542 adversm·

311 1586 506 1641 Vocare
546 1586 773 1659 (ffinsas.
849 1586 932 1640 Ita
970 1585 1087 1639 libri
1125 1605 1305 1639 omnes
1346 1583 1525 1655 scripti
1565 1593 1618 1636 et
1642 1582 1782 1647 editi,
1821 1593 2008 1654 praeter
2034 1581 2167 1637 MS.

232 1682 362 1752 Agr.
388 1681 439 1734 in
466 1701 591 1753 quo,
612 1700 915 1752 provocare.
990 1679 1066 1732 At
1091 1698 1154 1731 eo
1180 1698 1388 1750 quoque
1410 1697 1560 1731 sensu
1585 1676 1790 1742 dicitur,
1815 1694 2015 1730 vocare.
2077 1676 2175 1742 Sic,

232 1777 365 1828 infra
404 1775 520 1827 “de
561 1774 808 1827 Moribus
835 1772 1271 1839 Germanorum,''
1309 1791 1426 1843 cap.
1458 1778 1539 1825 14.
1579 1776 1615 1802 “
1640 1770 1845 1824 Vocare
1883 1770 2076 1839 hosteS‚
2114 1778 2170 1826 et

235 1868 442 1922 vulnera
467 1867 702 1920 mereri.'’

313 2050 464 2103 CAP.
492 2058 578 2105 81.
604 2050 839 2104 *AEstivis
860 2050 1108 2120 flatibus.
1186 2049 1332 2102 Bene
1371 2046 1488 2100 libri
1521 2065 1701 2100 omnes
1740 2045 1918 2116 scripti
1941 2055 1999 2106 et
2030 2046 2197 2109 editi.-

240 2143 523 2214 Perperam
564 2147 792 2197 tentabat
833 2144 1061 2216 Lipsius,
1103 2143 1430 2196 Etesiarum:
1483 2140 1769 2205 AcidaliuS,
1809 2139 2000 2194 Etesiis
2013 2124 2174 2210 flam:-

240 2237 347 2291 bus.
425 2237 597 2289 Immo
626 2237 834 2304 Etesiis,
862 2237 1264 2309 Aquilonaribus
1292 2235 1471 2300 ventis,
1497 2234 1743 2304 impedita
1769 2232 1948 2287 fuisset
1969 2233 2175 2304 'Vespa-

239 2329 365 2383 siani
401 2330 675 2399 navigati0‚
716 2344 772 2382 ut
810 2332 948 2384 recte
991 2330 1277 2384 observavit
1318 2328 1546 2382 eruditus
1587 2327 1822 2380 Savilius.
1895 2325 2025 2381 Inde
2059 2325 2176 2384 Jul.

243 2421 437 2489 Caesar,
466 2422 601 2475 Bell.
636 2423 790 2476 Civil.
823 2444 937 2494 cap.
973 2431 1089 2482 107.
1128 2429 1160 2456 “
1187 2422 1310 2492 Ipse
1336 2422 1472 2474 enim
1511 2421 1795 2475 necessario
1822 2421 2012 2474 Etesiis
2028 2429 2175 2474 ‘tene-

242 2518 408 2580 batur,
455 2517 543 2587 qui
586 2516 900 2570 Alexandri-21
944 2516 1296 2586 navigantibus
1340 2527 1457 2569 sunt
1494 2514 1828 2568 adversissimi
1866 2513 2019 2568 venti.
2093 2514 2176 2568 At

241 2608 586 2679 Vespasianus
630 2610 951 2686 Alexandriae
993 2620 1152 2663 statos
1196 2609 1378 2662 aestivis
1418 2609 1620 2662 flatibus
1658 2608 1782 2672 dies,
1821 2606 2002 2680 quibus
2035 2615 2179 2660 certa

241 2702 394 2755 maris
418 2702 693 2773 incipiunt,
719 2702 1132 2774 opperiebatur.’'
1209 2702 1266 2755 N
1268 2702 1463 2755 auticas
1487 2713 1656 2755 autem
1678 2701 1796 2755 illas
1816 2701 2178 2757 Romanorum

242 2794 381 2864 leges
408 2795 545 2849 clare
572 2795 798 2866 explicat
823 2796 1086 2866 vegetius,
1114 2815 1167 2848 V.
1194 2804 1247 2856 9„
1287 2801 1321 2826 “
1352 2795 1486 2849 Post
1507 2806 1677 2849 ortum
1713 2794 2005 2859 Pleiadum,
2038 2790 2071 2845 a
2091 2791 2178 2846 die

243 2898 389 2940 sexto
417 2887 766 2942 Kalendarum
802 2890 1096 2956 Junimum,
1139 2909 1302 2961 usque
1342 2890 1406 2942 ad
1442 2889 1655 2942 Arcturi
1688 2890 1877 2954 ortum,
1915 2887 1968 2941 id
1990 2888 2087 2954 est,
2108 2886 2180 2941 'in

243 2980 380 3033 diem
423 2982 923 3035 octavumdecimum
966 2982 1318 3036 Kalendarum
1355 2982 1670 3036 Octobrium
1705 3000 1888 3036 secura
1921 2979 2178 3051 navigatio

244 3074 483 3140 creditur,
509 3075 629 3145 quia
653 3076 843 3130 aestatis
880 3076 1133 3129 beneficio
1159 3086 1428 3130 ventorum
1455 3074 2034 3145 acerbitas-mitigatur.
2061 3084 2063 3086 ’
2094 3072 2180 3131 Ita

245 3177 366 3234 post
390 3165 490 3219 hoc
515 3177 721 3238 tempus
747 3189 908 3241 usque
933 3170 986 3222 in
1005 3169 1211 3223 tertium
1232 3169 1355 3223 Idus
1376 3168 1692 3223 Novembris
1710 3168 1903 3221 inefflta
1924 3154 2179 3237 navigatio
2204 3202 2207 3204 ,

244 3267 337 3322 est,
371 3270 423 3312 et
456 3259 733 3314 discrimini
771 3263 1014 3333 propior:
1055 3263 1350 3334 propterea,
1385 3262 1505 3336 quia
1538 3272 1659 3333 post
1696 3262 1818 3315 Idus
1846 3246 2181 3332 'Septembris

244 3350 412 3415 oritur
431 3352 686 3407 Arcturus
726 3356 1226 3410 vehementissimum
1265 3357 1437 3411 sidus.
1495 3356 1569 3409 Et
1605 3366 1787 3409 octavo
1822 3341 2178 3413 Kalendarum

248 3443 498 3498 Octobris
534 3447 904 3518 aequinoctialis
944 3453 1113 3504 evenit
1145 3453 1330 3504 acerba
1370 3458 1677 3521 tempestas·
1697 3478 1712 3495 ·
1733 3476 1748 3493 ·
1769 3447 1848 3503 ·A
1887 3441 2182 3523 Novemffl

186 3530 194 3534 ’
244 3546 415 3590 autem
440 3557 614 3593 mense
649 3541 843 3595 crebris
876 3545 1268 3614 tempestatibus
1301 3543 1501 3613 navigia
1534 3522 2184 3618 conturbanturvergssiit?
