1786 3204
181 154 259 194 202
471 186 474 190 ,
662 144 710 183 o.
737 138 1002 183 conussm
1028 134 1212 181 TA‘cm
1398 146 1449 186 A,
1468 145 1519 187 υ,
1547 146 1596 188 0,
1615 137 1709 190 822⁴.

186 258 357 306 tiorum
380 251 575 318 prodere
597 247 721 295 ultro
744 246 867 294 dites
881 242 1114 292 dominos:
1147 244 1221 307 alii
1243 247 1307 308 ab,
1323 248 1477 299 amicis
1499 261 1723 301 monstra-
1760 242 1764 247 ’

188 337 371 383 bantur.
418 327 630 396 'Ubique
648 325 862 380 lamenta,
887 319 1285 382 conclamationes,
1308 335 1353 372 et
1374 323 1561 376 fortuna
1575 339 1723 393 captae
1772 365 1776 369 .

191 410 349 460 urbis:
385 405 501 454 adeo
550 413 600 450 ut
647 397 897 448 Othoniani
943 397 1264 463 Vitellianique
1309 401 1460 450 militis
1481 464 1485 465 ⁷
1505 403 1725 454 invidiosa
1778 423 1786 430 ·

191 487 326 537 antea
348 479 594 548 petulantia
610 477 957 525 desideraretur.
1009 476 1168 523 Duces
1189 478 1408 539 partium,
1432 481 1726 567 accendendo

195 563 314 613 civili
335 561 459 609 bello
482 572 629 614 εει-63,
666 554 976 618 temperandae
999 552 1201 600 victoriae
1222 553 1453 618 impares:
1488 557 1656 622 quippe
1677 556 1751 605 in.

197 642 353 688 turbas
387 648 432 684 et
464 632 710 683 discordias
743 631 939 696 pessimo
969 630 1138 694 cuique
1170 631 1368 694 plurima
1400 633 1499 682 vis:
1557 650 1649 698 pax
1682 644 1729 683 et

199 717 327 782 quies
348 713 480 763 bonis
501 711 672 761 artibus
694 709 914 774 indigent.

265 877 315 917 2.
351 869 549 917 NOMEN
585 866 833 928 sedemque
891 862 1102 922 Caesaris,
1135 861 1426 912 Domitianus
1459 876 1730 929 acceperat3

201 938 493 995 nondum‘ad
517 959 648 991 curas
670 941 886 997 intentus,
925 940 1005 987 sed
1045 938 1215 1001 stupris·
1249 951 1294 986 et
1315 939 1544 989 adulteriis
1586 941 1736 991 filium

199 1022 425 1086 ‘Principis
480 1021 656 1086 agebat.
725 1016 1007 1065 Praefectura
1061 1015 1279 1080 praetorii,
1347 1034 1485 1080 penes
1539 1018 1736 1067 Arrium

204 1103 416 1149 Varum:
452 1112 631 1145 summa
654 1094 885 1159 potentiae,
907 1093 955 1140 in
985 1092 1141 1141 Primo
1164 1093 1403 1145 Antonio:
1438 1094 1475 1143 is
1496 1094 1738 1159 pecuniam

205 1176 517 1239 familiamque
536 1173 561 1221 ὲ
579 1171 800 1237 Principis
815 1172 974 1228 dorne,
997 1170 1124 1234 quasi
1141 1171 1502 1220 Cremonensem
1516 1172 1740 1236 praedam,

208 1270 398 1318 rapere:
435 1250 571 1300 ceteri
589 1244 827 1307 modestia,
844 1248 917 1295 vel
942 1246 1239 1312 ignobilitate,
1257 1259 1308 1294 ut
1329 1247 1377 1295 in
1398 1248 1522 1297 bello
1539 1248 1741 1309 obscuri,

200 1332 270 1379 vita
291 1326 588 1394 praemiorum
610 1338 835 1390 expertes.
909 1324 1078 1373 Civitas
1102 1324 1280 1389 pavida,
1295 1337 1341 1372 et
1363 1325 1544 1374 servitio
1566 1337 1739 1390 parata,

212 1414 246 1436 ‘⁶
265 1405 478 1470 occupari
501 1405 770 1452 redeuntem
794 1401 1043 1450 Tarracina
1064 1404 1121 1449 L.
1154 1401 1390 1450 Vitellium
1414 1420 1522 1451 cum
1544 1402 1743 1451 cohorti-

212 1490 250 1513 “
267 1487 372 1542 bus,
406 1481 703 1546 extinguique
743 1480 917 1544 reliqua
949 1479 1111 1538 belli‚'’
1147 1480 1416 1543 postulabat.
1517 1479 1746 1529 Praemissi

217 1560 421 1611 Ariciam
441 1562 453 1580 ¹
487 1557 689 1622 equites:
715 1573 893 1621 agmen
927 1556 1163 1621 legionum
1188 1556 1308 1604 intra
1341 1557 1543 1606 Bovillas
1560 1560 1576 1579 ²
1609 1556 1744 1605 stetit.

199 1639 319 1686 *Nec
342 1646 579 1684 cunctatus
594 1646 662 1682 est
684 1633 911 1692 Vitellius,
934 1650 1074 1697 seque
1097 1644 1142 1680 et
1165 1634 1378 1682 cohortes
1400 1634 1585 1690 arbitrio
1606 1633 1747 1683 victo·

217 1714 289 1769 ris
302 1713 576 1778 permittere.
645 1712 706 1760 Et
744 1711 874 1759 miles
906 1709 1109 1758 infelicia
1145 1727 1288 1770 arma,
1322 1712 1446 1759 haud
1484 1711 1642 1760 minus
1661 1710 1751 1770 ira,

219 1807 363 1856 quam
385 1801 511 1837 metu
532 1788 707 1854 abjecit.
776 1791 969 1854 Longus
987 1787 1248 1837 deditorum
1270 1789 1405 1848 ordo,
1427 1799 1588 1854 septus
1602 1789 1751 1838 arma-

160 1918 162 1921 *
219 1868 316 1926 tis,
327 1884 410 1931 per
432 1866 615 1914 Urbem
647 1866 840 1915 incessit.
909 1866 1064 1914 Nemo
1101 1865 1294 1930 supplici
1313 1867 1465 1925 vultu,
1500 1866 1581 1915 sed
1603 1864 1752 1915 tristes

216 1955 459 2003 ettruces,
481 1954 526 1991 et
548 1943 798 1991 adversum
820 1943 1005 2006 plausus
1027 1959 1078 1990 ac
1103 1941 1330 1990 lasciviam
1350 1941 1605 1991 insultantis
1625 1935 1759 2008 vulgi

222 2021 480 2069 immobiles
500 2038 512 2068 :
549 2037 719 2084 paucos
736 2036 979 2083 erumpere
1000 2036 1151 2078 ausos,
1186 2019 1466 2084 circumjecti
1481 2034 1687 2084 pressere
1706 2036 1720 2067 ε
1738 2020 1753 2046 ³

223 2097 361 2146 ceteri
384 2097 431 2144 in
454 2097 707 2145 custodiam
730 2097 913 2145 conditi.
984 2096 1113 2146 Nihil
1144 2095 1386 2161 quisquam
1409 2096 1590 2157 locutus
1610 2095 1758 2162 indig-

225 2165 357 2232 num,
375 2185 437 2232 et,
461 2191 740 2239 quamquam
756 2176 874 2222 inter
896 2175 1102 2234 adversa,
1119 2174 1241 2222 salva
1260 2174 1440 2231 yirtutis
1462 2172 1598 2220 fama.
1632 2171 1758 2221 Dein

226 2253 283 2300 L.
306 2251 517 2299 Vitellius
538 2251 824 2313 interficitur,
858 2269 942 2316 par
963 2251 1078 2300 vitiis
1094 2250 1283 2310 fratrisfi
1314 2251 1361 2298 in
1383 2249 1638 2315 principatu
1659 2250 1759 2317 ejus

225 2327 516 2393 vigilantior·
493 2364 517 2388 ,
567 2345 651 2378 nec
673 2329 873 2397 perinde
906 2328 1134 2395 prosperis
1166 2328 1332 2388 socius,
1376 2344 1527 2392 quam
1559 2324 1778 2375 adversis,

228 2405 492 2454 abstractus.

287 2547 511 2618 'Ariciam
526 2582 641 2619 Nunc
661 2581 721 2618 the
733 2581 892 2621 Riccia:
912 2583 960 2620 de
1030 2594 1121 2632 quo
1127 2583 1240 2620 verbo
1255 2594 1356 2632 saepe
1382 2593 1477 2619 usus
1495 2585 1552 2619 est
1576 2578 1763 2623 Tacitus·

230 2628 309 2697 qust
331 2631 411 2678 jin}
430 2646 544 2683 supra
562 2635 662 2672 Ilist.
682 2648 749 2673 111
767 2633 831 2673 36.
1031 2637 1162 2686 sicque
1174 2636 1351 2687 placebat
1368 2635 1525 2672 Faerno.
1580 2632 1640 2670 Ita
1654 2631 1763 2670 vertit

286 2679 703 2726 7“ῑ13ο·ι“Ιῖ(ις.Μιιιοιη
724 2689 872 2731 rudera,
891 2690 960 2726 ubi
1036 2690 1265 2736 Davanzati,
1278 2689 1427 2740 furano
1443 2685 1685 2726 circoudata‘e
1700 2697 1764 2736 op·

231 2748 333 2774 nunc
375 2738 400 2774 l’
402 2738 550 2778 Osterio
593 2742 687 2778 delle
729 2742 756 2779 1·
758 2743 961 2781 'mcocclzia
1028 2744 1163 2792 pressi

231 2790 268 2827 V
273 2790 361 2827 “¹⁰⁵
346 2803 461 2842 supra
478 2794 617 2841 Afln'll·
642 2808 714 2833 XV·
735 2799 799 2834 23·
1086 2795 1102 2815 ⁴
1127 2794 1407 2846 Vitia-fratris,
1453 2781 1767 2843 Mallemfratn'.

286 2840 300 2862 ³
330 2843 685 2888 1'1·esse1‹².10rte
718 2862 957 2900 oppressere:
1035 2849 1098 2888 Sic
1115 2862 1270 2902 quoque
1291 2847 1441 2888 volebat
1458 2847 1654 2886 Faernus.
