1786 3204
58 186 166 230 gc.
188 183 281 233 ἀρμ-
441 179 835 225 ms'romAuuM
860 180 1026 224 trata
1050 180 1297 227 rm‘rms.
1527 187 1606 231 εει

57 303 231 344 mum
264 286 403 357 pan-“ts
426 285 734 340 elaitndinef
756 287 975 356 adeptus.
1007 302 1011 304 ·
1044 290 1358 358 Principatum
1392 291 1436 342 ei
1475 285 1610 344 detu-

48 371 174 432 Ὶαε,
232 370 315 435 qai
359 366 511 434 ipsum
553 381 652 418 non
694 379 933 418 novemur.
1016 371 1181 420 Studia
1221 370 1460 420 exercit-tis
1497 371 1611 422 raro

58 444 300 514 Quasi),
322 460 327 484 ³
346 447 490 497 bonis*
514 442 707 496 artibus
727 443 934 513 quaesita,
972 449 1165 513 perinde
1215 447 1425 510 adfuere,
1462 449 1612 515 quim

62 526 174 576 huic·
197 538 282 591 per
301 525 543 592 igar-rviam.
613 526 766 573 Inerat
787 528 942 574 tamen
971 526 1234 591 simplicitas
1255 542 1311 576 ac
1333 526 1609 590 liberalitas3

61 611 190 669 ἕψω,
220 604 271 657 ni
304 603 424 652 adsit
459 596 665 662 modus,
691 603 741 650 in
785 603 979 652 exitium
1020 615 1281 654 vertuntur.
1351 605 1610 667 Amicitias,

66 681 182 729 dum
198 681 514 748 magnitudine
535 697 805 741 munerum,
835 699 932 730 non
954 683 1208 731 constantia
1246 700 1434 731 morum
1466 683 1613 733 conti·-

64 774 178 806 nere
193 771 341 823 putat,
358 747 526 808 meruit
543 760 726 826 magis‚²
754 759 898 825 quam
920 760 1094 809 habuit.
1166 756 1454 824 Reipublic'ae
1484 762 1612 812 haud

64 834 206 884 dubie
240 836 474 897 intererat,
511 837 749 886 Vitellium
779 839 928 887 vinci:
965 840 1046 887 sed
1080 839 1308 903 imputare
1338 840 1612 904 perfidiam³

64 929 162 975 non
183 914 393 978 pmnt,
432 915 513 980 qui
547 915 785 963 Vitellium
820 917 1100 981 Vespasiano
1128 917 1392 981 prodidere,
1431 916 1547 965 cum
1583 915 1614 966 Ξ

68 983 226 1041 Galb'a
248 989 556 1041 descivissent.
624 993 852 1059 Praecipiti
873 993 922 1042 in
957 1010 1173 1044 occasum
1190 994 1281 1053 die,
1305 996 1367 1042 ob
1390 1010 1613 1059 pavorem

64 1214 106 1246 et
122 1208 341 1247 interfectus
352 1209 401 1247 sit
418 1209 602 1248 Vitellius
628 1211 678 1248 A.
690 1211 740 1248 U.
753 1210 800 1248 C.

68 1266 159 1301 822.
195 1265 442 1314 periit*anno
469 1265 555 1301 vitae
594 1266 728 1315 quinto
764 1272 802 1302 et

65 1317 393 1368 quinquagesimo.
466 1317 570 1356 Huic
608 1317 801 1357 sententiae

63 1371 292 1421 suffragatur
312 1372 404 1419 Dio,
424 1383 526 1410 va.
545 1386 584 1424 p.
601 1377 693 1416 743.
709 1373 800 1410 cum

65 1424 121 1461 ait
150 1425 353 1463 Vitellium
388 1425 523 1464 vixisse
565 1440 680 1465 annos
715 1439 802 1464 L1v.

65 1478 144 1516 dies
163 1483 226 1524 89.
243 1478 391 1529 ζήσαντα
405 1479 463 1528 μὲν
492 1479 546 1517 ἐπὶ
574 1483 726 1533 rime«.
749 1476 803 1522 ἔφη

65 1532 129 1570 aa)
157 1533 366 1575 πηῆιοντοι,
396 1535 458 1570 καὶ
489 1531 608 1586 ἦμέςοις
634 1533 717 1572 ἔηέαι
741 1536 803 1572 καὶ

65 1581 273 1632 zyma-fla.
290 1590 423 1625 Annos
437 1587 535 1626 foede
555 1589 728 1640 corrupit
744 1590 801 1626 vel

64 1638 204 1678 Victor
233 1642 273 1679 in
306 1642 446 1679 Caesar.
480 1641 539 1678 vel
566 1642 695 1692 potius
720 1644 802 1693 ejus

63 1693 256 1740 librarius,
310 1695 402 1733 cum
447 1695 599 1747 scripsit
612 1712 624 1742 ;
681 1711 798 1735 aurias

63 1754 174 1790 natu-5
199 1749 442 1801 septuaginta
467 1754 505 1786 et
533 1750 691 1801 quinque
722 1765 797 1788 am·

61 1802 436 1851 pliascslnterfectus
449 1810 504 1840 est
527 1811 658 1842 autem
675 1805 799 1843 Vitel-

65 1854 141 1895 lius
157 1857 220 1894 die
242 1861 308 1895 2⁴1.
329 1857 577 1895 Decembris.'

119 1960 134 1979 ¹
165 1962 414 2003 Claritudine.
476 1965 600 2002 Foedis
642 1977 798 2016 quoque

62 2016 142 2055 suis
170 2018 212 2055 in
242 2018 384 2057 Caium
420 2019 651 2069 Caligulam,
682 2019 799 2058 Clau-

63 2071 187 2119 dium,
214 2079 253 2109 et
286 2073 478 2110 Neronem
508 2073 800 2122 obsequiis;,ut

64 2125 190 2164 videre
208 2134 263 2164 est
278 2127 393 2177 *apud
424 2127 650 2165 Suetonium
674 2127 714 2165 in
730 2128 802 2166 Vi-

64 2179 144 2217 tell.
174 2191 235 2218 1v.

116 2231 136 2250 ²
154 2233 301 2272 Metuit
314 2235 445 2286 magis.
488 2235 613 2274 Illust.
633 2235 801 2274 Huetius

60 2287 183 2338 paulo
198 2287 341 2326 firmior
354 2303 366 2326 ς
378 2289 535 2328 Εεοίὲἂε
554 2290 721 2335 dixisset,
736 2290 802 2328 ha-

63 2341 145 2378 huit
176 2342 309 2392 magis,
356 2342 465 2393 qutim
508 2344 658 2381 meruit.
714 2345 761 2382 N
761 2358 800 2382 ec

63 2395 159 2433 enim
175 2396 329 2434 meritus
347 2401 404 2434 est
422 2398 542 2435 amari
550 2413 565 2442 ;
591 2398 655 2448 qui
676 2411 800 2436 mune-

61 2448 167 2489 ribus
183 2449 366 2488 amicitias
382 2453 585 2501 comparat.

117 2498 135 2524 ²
156 2502 348 2554 Imputare
372 2505 580 2554 perfidiam.
618 2504 802 2543 Intererat

62 2555 267 2594 Vitellium
282 2557 396 2603 vinci,
405 2558 497 2608 quia
510 2559 680 2609 egregius
692 2559 802 2596 Prin-

65 2621 154 2662 ceps
182 2610 257 2648 fuit
274 2612 542 2662 Vespasianus.
603 2612 801 2663 Imputare

64 2671 190 2701 tamen
237 2665 434 2715 perfidiam
478 2678 555 2703 non
610 2673 798 2716 poterant,

63 2717 167 2766 qu'od
187 2717 211 2755 ὲ
228 2718 370 2763 Galba,
390 2721 490 2756 bono
508 2719 698 2770 Principe,
717 2720 800 2757 des-

37 2799 41 2802 .
62 2770 251 2809 civissent.
270 2772 448 2810 Obscura
466 2773 617 2820 Galbae,
633 2773 799 2812 Othonis

63 2830 102 2860 et
122 2825 267 2863 Vitellii
278 2832 450 2876 tempora
462 2839 581 2873 nunc,
592 2834 637 2864 ut
650 2827 798 2878 opinor,

50 2878 154 2924 satis
186 2885 276 2919 sunt
308 2879 513 2921 illustrata.
570 2880 679 2920 Nihil
709 2882 798 2936 ergo

252 3044 272 3068 Χ

872 1211 1097 1249 addiderim.
1136 1210 1356 1248 Monuerim
1387 1207 1539 1248 tantum
1567 1211 1609 1250 in

875 1265 1018 1303 Diariis
1044 1265 1364 1305 Trevoltiensibus
1381 1265 1468 1302 anni
1492 1268 1611 1308 1735.

872 1322 1048 1370 Augusto
1073 1331 1211 1364 mense,
1236 1327 1336 1369 part.
1366 1330 1415 1356 11.
1444 1332 1484 1368 p.
1504 1319 1606 1357 1585

872 1381 910 1412 et
919 1386 996 1425 seq.
1011 1373 1195 1424 optimam
1206 1386 1284 1410 esse
1296 1373 1340 1410 P.
1349 1372 1610 1412 Tournemine

875 1427 1188 1473 dissertationem,
1220 1426 1298 1477 qua
1324 1426 1554 1477 singularem
1572 1434 1612 1466 et

875 1482 1078 1519 absurdam
1114 1482 1161 1519 de
1192 1481 1343 1527 Galbae,
1378 1479 1543 1518 Othonis
1570 1486 1611 1520 et

873 1535 1022 1573 Vitellii
1050 1535 1292 1573 triumviratu
1321 1534 1611 1586 opinione-mstn

873 1588 1005 1627 iisdem
1049 1590 1206 1635 Diariis,
1252 1591 1433 1638 Augusto
1468 1601 1610 1637 mense,

873 1650 973 1693 part.
991 1645 1079 1694 1.⁸p.
1103 1647 1206 1681 1350
1222 1651 1260 1681 et
1271 1656 1348 1693 seq.
1360 1643 1617 1693 propositam..

873 1698 1061 1736 confutat.
1106 1698 1186 1734 Vix
1215 1703 1341 1734 tamen
1367 1697 1459 1735 haec.
1471 1697 1612 1736 refuta-

875 1752 975 1789 tione
1004 1752 1186 1802 indigent.

873 1805 951 1843 alia
995 1806 1098 1844 fraus
1148 1807 1341 1856 subrepat,
1383 1803 1611 1854 addiderim,

874 1859 967 1897 licet
990 1860 1030 1898 id
1058 1859 1217 1897 eruditis
1244 1859 1422 1896 omnibus
1439 1860 1490 1897 sit
1505 1872 1612 1899 com·

874 1920 1038 1963 pertum,
1058 1913 1261 1951 nonnullos
1286 1925 1420 1950 aureos
1443 1919 1613 1963 argente-

871 1980 990 2017 osque
1008 1968 1172 2006 Othonis
1185 1979 1361 2004 nummos
1381 1967 1526 2014 haberi,
1541 1967 1613 2005 ali-

873 2028 970 2071 quot
1002 2022 1131 2068 ctiam,
1160 2022 1320 2059 rariores
1338 2027 1478 2068 tamen,
1494 2034 1610 2060 aereos

874 2075 1042 2125 reperiri,
1072 2076 1111 2113 in
1143 2076 1309 2126 AEgypto
1338 2082 1377 2112 ct
1390 2075 1611 2114 Antiochiae

874 2141 998 2167 cusos.
1027 2132 1082 2168 At
1095 2129 1194 2167 nulli
1206 2129 1342 2167 sinceri
1353 2128 1386 2178 ej
1393 2141 1436 2166 us
1446 2130 1611 2176 nummi,

873 2196 921 2222 ex
950 2195 1037 2229 aere,
1065 2185 1198 2221 Romae
1226 2182 1324 2229 cusi,
1352 2182 1537 2220 hactenus
1554 2184 1612 2221 in-.

874 2238 975 2275 venti
986 2246 1093 2277 sunt:
1121 2237 1445 2275 circumferuntur
1463 2236 1613 2275 adulte·

875 2292 960 2338 rini,
977 2305 1072 2342 quos
1089 2292 1187 2329 inter
1206 2290 1522 2328 celebratissimus
1540 2299 1609 2338 est,

874 2358 989 2396 quem
1010 2347 1176 2396 Magnus
1197 2344 1361 2382 Etruriae
1390 2345 1487 2382 Dux
1515 2345 1609 2384 olim

873 2401 965 2437 emit
1012 2404 1131 2443 7000.
1163 2399 1282 2442 scudi,
1326 2404 1370 2436 ut
1406 2398 1524 2448 vulgo
1551 2398 1608 2437 lo-

871 2460 1059 2504 quuntur.
1081 2455 1125 2491 In
1143 2451 1222 2490 una
1234 2450 1315 2489 falsi
1331 2451 1447 2502 hujus
1462 2454 1612 2493 nummi

873 2514 981 2558 parto
1023 2508 1150 2546 IMP.
1207 2505 1394 2544 OTHO.
1441 2506 1611 2547 CAES.

874 2562 954 2599 AV
967 2562 1018 2600 G.
1048 2562 1091 2599 P.
1106 2561 1164 2598 M.
1189 2558 1318 2597 COS.
1349 2559 1428 2612 ΙΙ.-
1479 2560 1612 2611 Caput

873 2615 1035 2653 Othonis
1045 2615 1276 2652 laureatum.
1294 2612 1339 2650 In
1350 2611 1472 2651 altera
1483 2622 1607 2665 parte:

875 2669 1136 2706 MATVRA
1153 2666 1608 2706 CELERITAS.1m-.

871 2730 1024 2773 perator
1037 2723 1076 2759 in
1093 2727 1285 2771 suggestu,
1297 2721 1470 2758 adstante
1488 2721 1611 2760 homi-

872 2790 965 2814 num
982 2775 1247 2822 multitudine,
1260 2775 1466 2826 pecuniam
1483 2775 1505 2814 ὲ
1521 2777 1607 2823 sinu

871 2830 1044 2868 effundit.
1063 2829 1112 2868 S.
1130 2830 1178 2868 C.

1259 1751 1379 1789 Nunc
1418 1751 1526 1798 vero,
1561 1764 1612 1791 ne
1690 1769 1694 1772 ’
