2210 3978
202 149 303 200 700
725 141 933 192 NOTAE
970 142 1056 190 ET
1093 142 1195 190 EM
1203 141 1655 192 ENDATIONES

270 278 452 337 praeter
474 272 729 336 libellum„
750 289 898 338 quem
921 270 1197 321 Sinensibus
1217 271 1343 336 typis
1362 270 1565 330 editum,
1603 269 2148 331 Mandarinisofferunt,

272 361 313 409 si
339 360 475 426 quod
500 361 625 410 forte
651 360 906 410 discrimen
926 360 1259 425 periculumve
1282 359 1337 407 iis
1359 359 1595 409 imminet.
2163 351 2171 355 i

204 546 283 594 De
318 559 486 591 eorum
524 542 739 591 moribus
779 536 939 605 pauca
962 540 1158 590 addam.
1230 542 1390 591 Deum
1432 541 1697 598 adoraturi,
1734 540 1795 589 ad
1823 541 2149 591 Occidentem

212 629 213 632 ’
271 638 634 680 convertuntur.
707 631 819 679 Huc
853 647 1054 695 quoque
1097 636 1286 694 spectat
1326 645 1492 677 eorum
1533 630 1787 693 Li-pai-se.
1857 629 1971 678 Nec·
2007 623 2150 678 alite}
2190 655 2193 657 ,

272 721 388 769 olim
412 736 604 768 versum
629 719 864 782 templum
899 704 1414 782 Hierosolymitanum.
1483 719 1542 766 In
1566 717 1752 780 templo
1775 717 1932 765 nullas
1967 698 2149 766 habent
2177 719 2179 721 ’

271 816 430 858 vestes
453 825 625 857 sacras.
694 808 860 855 Solum
886 806 933 854 in
959 786 1311 870 supplicatione
1335 806 1615 872 Ta-Kings,
1650 805 1712 854 de
1744 805 1843 871 qua
1867 802 2053 854 dictum
2075 811 2149 855 est

273 911 420 962 supra
442 913 494 960 p.
519 896 634 954 675.
662 894 1036 960 Tollang·Kic10,
1075 911 1158 942 seu
1184 902 1344 943 rector
1367 896 1635 960 Synagogae
1659 893 1856 959 insignis
1876 901 1980 943 erat
1995 894 2148 943 serica
2173 885 2186 897 ”

271 987 520 1050 rubeaque
543 984 694 1032 fascia
717 984 785 1031 ab
806 984 1008 1031 humero
1033 982 1207 1031 dextro
1232 983 1358 1032 infra
1381 983 1628 1031 sinistrum
1654 982 1880 1048 depressa
1914 982 2147 1048 nodoque

269 1074 484 1138 religata.
553 1074 709 1121 Immo
734 1089 849 1136 gens
873 1071 997 1120 adeo
1023 1071 1212 1120 decoris
1233 1071 1504 1129 ⁴incuriosa,
1544 1078 1597 1120 ut
1624 1071 1684 1119 ‘in
1727 1064 2010 1137 aestate'ae'ob
2035 1069 2148 1120 coeli

271 1164 527 1221 fervorem,
563 1161 678 1209 solis
713 1160 1034 1223 subligar-ibus
1071 1160 1206 1218 tecti,
1257 1161 1470 1208 ceterum
1508 1160 1643 1219 nudi,
1692 1177 1790 1208 non
1828 1159 1976 1208 modo
2012 1158 2146 1208 domi

272 1258 538 1307 versentur,
575 1248 732 1296 sedin
775 1247 878 1311 ipso
922 1247 1065 1296 etiam
1103 1249 1287 1312 templo
1329 1247 1562 1297 intersint.
1631 1249 1822 1298 Sacram
1848 1247 2146 1312 Scripturam

268 1356 540 1406 precesque
566 1345 777 1395 cantant,
815 1337 942 1385 sicut
964 1336 1012 1384 in
1038 1336 1176 1385 ltalia
1201 1337 1403 1386 Judaeos
1425 1337 1473 1384 in
1499 1337 1762 1402 Synagogis
1787 1331 1883 1385 suis
1900 1343 2149 1386 cantantes

272 1428 524 1477 audiverat
550 1429 604 1475 P.
630 1425 841 1476 Gozaui
911 1425 1149 1483 Credunt,
1210 1432 1330 1473 teste
1374 1428 1518 1473 Patre
1555 1425 1761 1485 Gaubil,
1795 1425 2145 1490 purgatorium,

270 1517 467 1574 inferos,
496 1515 755 1578 judicium,
792 1514 1085 1579 paradisum,
1121 1513 1523 1562 resurrectionem
1564 1520 1880 1562 mortuorum.
1949 1514 2147 1565 Norunt

272 1607 505 1670 AngeIOS‚
550 1604 833 1661 Cherubim,
888 1602 1156 1666 Seraphim.
1228 1602 1476 1651 Peculiare
1537 1600 1652 1651 fidei
1709 1602 1985 1668 symbolum
2047 1616 2146 1657 non

270 1693 470 1743 habent.
541 1694 701 1741 Sortes
727 1692 915 1740 ducunt
937 1709 997 1740 ex
1017 1691 1111 1739 suis
1137 1690 1283 1740 sacris
1307 1690 1459 1739 libris,
1519 1690 1951 1741 Circumcisionem
1968 1698 2147 1741 octavo

270 1781 350 1831 die
374 1781 668 1830 observant.¹
741 1779 1104 1830 Sanctissimum
1126 1779 1258 1843 apud
1282 1796 1364 1827 eos
1387 1786 1436 1827 et
1459 1779 1738 1828 inviolabile
1760 1780 2065 1831 sabbatum-:¹
2085 1797 2147 1830 eo

272 1871 352 1919 die
375 1870 531 1934 ignem
557 1886 654 1918 non
677 1868 978 1917 accendunt:
1017 1867 1151 1916 cibos
1190 1867 1346 1932 pridie
1386 1875 1638 1932 apparant.
1708 1868 1863 1917 Nulla
1892 1867 1983 1917 nisi
2022 1867 2146 1918 inter

275 1976 326 2008 se
351 1957 596 2007 connubia
619 1959 802 2006 ineunt}
842 1956 1175 2022 Propagandae
1202 1973 1303 2005 suae
1327 1955 1569 2020 religionis
1588 1958 1720 2006 nulla
1740 1957 1797 2006 iis
1815 1973 1929 2007 cura
1947 1975 1960 2007 :
1977 1978 1980 1981 ·
1998 1944 2159 2026 nemi-⁷

273 2065 385 2097 nem
407 2047 722 2112 alienigenam
747 2046 796 2094 in
828 2052 915 2094 s‘ua
940 2061 1077 2095 sacra
1114 2045 1326 2094 trahunt.
1398 2046 1631 2104 Juratnri,
1668 2053 1839 2098 cavent
1868 2062 1928 2094 ne
1963 2045 2147 2111 templa

270 2137 511 2185 idolorum
537 2136 731 2184 adeant.
804 2135 905 2190 Qui
928 2134 1058 2198 apud
1082 2150 1165 2182 eos
1191 2134 1253 2182 ad
1274 2134 1544 2183 Sinensium
1562 2135 1808 2184 literarum
1833 2134 2008 2200 gradus
2030 2142 2146 2199 ⁴sunt

272 2226 445 2283 evecti,
484 2224 782 2274 Confucium
815 2223 1015 2280 colunt;
1067 2221 1332 2286 cunctique
1371 2222 1625 2272 defunctos
1667 2240 1780 2272 suos
1815 2219 2145 2287 progenitores

272 2320 574 2371 venerantur,
611 2328 877 2376 eorumque
913 2311 1119 2359 tabellas
1162 2318 1356 2360 servant
1391 2328 1526 2360 more
1560 2309 1764 2361 Sinico.²
1830 2312 1975 2361 Unde
2011 2318 2147 2377 patet

271 2421 357 2453 eos
381 2402 445 2451 ad
471 2402 688 2451 Sinenses
712 2417 827 2448 usus
852 2399 1069 2448 nonnihil
1094 2398 1361 2447 deflexisse.
1419 2401 1613 2464 Legem,
1652 2417 1734 2450 seu
1760 2401 1975 2466 quinque
1993 2400 2146 2450 libros

271 2491 477 2557 Moysis,
514 2490 711 2539 assiduo
735 2506 825 2537 usu
850 2489 1138 2553 plerumque
1161 2488 1464 2551 intelligunt:
1504 2489 1635 2537 haud
1678 2489 1746 2538 ita
1767 2489 1908 2562 periti
1931 2489 1981 2538 in
2017 2495 2142 2539 cete-

267 2597 435 2630 rorum
457 2579 694 2628 librorum
719 2578 944 2636 lectione,
982 2576 1249 2626 Hebraicae
1287 2577 1466 2642 linguae
1509 2578 1622 2626 satis
1661 2579 1825 2629 rudes.
1894 2580 2145 2634 Excusant
2200 2611 2210 2622 ·

260 2797 275 2821 ¹
305 2794 430 2836 Tune
450 2792 717 2835 Hebraicum
735 2772 1069 2833 circumcisionis
1088 2801 1242 2831 nomen
1262 2791 1499 2843 accipiunt.
1557 2791 1656 2832 Ex
1644 2790 1697 2833 iis
1716 2803 1821 2833 unus
1837 2804 1882 2834 se
1900 2791 1945 2834 in
1963 2792 2146 2836 circum
2154 2830 2158 2833 .

201 2874 363 2941 cisione
381 2876 643 2931 appellatum
661 2874 789 2915 fuisse
810 2874 1100 2927 Mantiiohum,
1129 2874 1173 2914 id
1193 2879 1274 2927 est,
1305 2873 1605 2927 Mathaffliam,
1634 2874 1760 2916 dixit.

253 2958 276 2981 ²
306 2957 524 3010 Ipsissima
541 2961 639 2997 sunt
657 2955 803 2997 Patris
830 2955 993 2996 Gozani
1022 2955 1170 3007 verba,
1201 2955 1273 3009 qui
1308 2955 1354 2995 ir
1386 2954 1553 2996 Latinis
1585 2955 1671 2996 suis
1701 2950 1836 2998 literis
1865 2955 2143 3012 scriptis25,
2197 2978 2201 2982 ·

201 3038 365 3092 Aprilis
386 3044 509 3080 1712.
537 3038 598 3078 ita
615 3038 768 3079 habet:
798 3038 827 3060 “
850 3038 1009 3077 Eorum
1027 3038 1193 3078 literati
1221 3042 1267 3078 et
1282 3026 1488 3089 ‘graduati
1521 3037 1779 3079 confucium
1811 3039 1985 3091 colunt3
2012 3037 2078 3080 uti
2096 3043 2143 3080 et

203 3132 348 3162 omnes
367 3121 516 3160 colunt
535 3119 827 3172 progenitores
842 3131 939 3159 suos
957 3117 1199 3170 defunctos,
1228 3131 1406 3172 quorum
1437 3120 1617 3161 tabellas
1644 3125 1814 3162 servant
1840 3133 1960 3163 more
1978 3119 2142 3177 Sinico.

201 3201 328 3242 Intra
346 3206 470 3254 septa
489 3213 713 3254 synagogae
735 3201 789 3242 ad
810 3202 918 3242 latus
950 3201 1112 3241 habent
1131 3200 1311 3254 Sti-tam,
1339 3213 1414 3242 seu
1433 3203 1572 3242 aulam
1590 3202 1798 3255 maj0rum
1822 3215 1902 3256 pro
1929 3197 2142 3244 defunctis

202 3281 553 3323 benefactoribus
567 3295 665 3323 cum
684 3283 769 3323 suis
785 3282 995 3323 tabellis-’²
1024 3283 1332 3323 Verumtamen
1348 3282 1447 3324 cum
1463 3283 1664 3341 imagines
1678 3296 1763 3324 non
1777 3284 1966 3324 habeant
1978 3283 2009 3326 J
2011 3283 2142 3335 udaei,

203 3363 463 3404 crediderim
495 3364 540 3405 in
572 3363 622 3404 iis
655 3364 827 3405 tabellis
859 3364 1068 3417 inscripta
1099 3364 1266 3405 tantam
1299 3377 1391 3406 esse
1423 3364 1724 3406 defunctorum
1758 3365 1949 3409 nomina,
2001 3363 2140 3418 quue

202 3444 385 3497 suadent
403 3445 539 3486 literae
561 3446 746 3498 ejusdem
769 3446 914 3487 Patris
934 3446 1099 3488 Gozani
1119 3447 1233 3487 datae
1246 3504 1249 3509 Ι
1263 3451 1306 3490 5.
1326 3446 1581 3495 Novembris
1602 3452 1723 3493 1704.
1750 3452 1798 3493 eat
1816 3446 1944 3495 editae
1961 3445 2008 3494 in
2025 3444 2141 3492 libro

201 3526 539 3580 supralaudato,
569 3527 733 3568 Lettres
752 3528 994 3582 Edffiante8‚
1021 3528 1108 3572 vol.
1126 3539 1216 3570 vu.
1237 3541 1283 3582 p.
1301 3533 1369 3570 20.
