1786 3204
218 179 273 221 46
655 178 704 216 c,
730 174 1001 216 commui
1029 174 1214 216 ‘mem
1430 182 1483 220 A.
1510 181 1560 222 u,
1587 183 1636 224 c,
1665 187 1774 234 ειη,

219 290 254 314 “
277 277 666 332 remitterentur-’⁹
750 279 969 342 Namque
995 279 1234 344 gregarius
1270 279 1419 341 miles,
1454 293 1508 331 ut
1528 283 1755 335 tributum

217 377 454 419 annuum,·
485 357 727 422 pendebat.
836 357 1014 417 Quarta
1057 372 1161 419 pars
1205 357 1444 422 manipuli,
1481 351 1637 424 sparsa
1669 378 1756 426 per

216 448 518 494 commeatus,
557 429 705 482 autin
725 432 832 496 ipsis
854 432 1010 480 castris
1033 449 1164 498 vaga,
1182 434 1297 482 dum
1318 437 1582 485 mercedem
1597 449 1757 490 centu-

216 515 335 563 rioni
374 513 662 569 exsolveret3
704 526 857 573 neque
896 509 1089 556 modum
1130 509 1280 558 oneris
1320 510 1579 575 quisquam,
1601 529 1757 580 neque

217 607 365 658 genus
399 587 607 654 quaestus
629 586 756 650 pensi
779 587 974 633 habebat
995 603 1007 633 ι
1043 603 1128 649 per
1151 587 1388 637 latrocinia
1409 601 1455 637 et
1477 600 1652 658 raptus,
1673 601 1757 643 aut

220 667 458 718 servilibus
497 663 770 721 ministeriis,
824 662 1018 711 militare
1051 663 1198 711 otium
1235 665 1536 716 redimebant.
1625 669 1756 717 Tum

219 742 600 808 locupletissimus
642 740 838 805 quisque
866 740 1015 798 miles,
1045 741 1203 789 labore
1238 759 1290 790 ac
1335 743 1507 791 saevitia
1556 742 1756 810 fatigari,

220 824 368 870 donec
383 819 666 868 vacationem
685 829 856 865 emeret
875 835 887 865 z
913 817 992 865 ubi
1009 817 1236 868 sumtibus
1250 819 1522 881 exhaustus,
1539 818 1752 873 socordia

220 899 408 961 insuper
423 897 708 961 elanguerat,
725 895 949 958 inopspro
964 894 1211 958 locuplete,
1229 906 1274 943 et
1287 895 1409 944 iners
1430 913 1518 960 pro
1539 907 1761 957 strenuo,

214 975 264 1023 in
286 973 571 1038 manipulum
607 972 811 1020 redibat:
847 989 900 1019 ac
939 988 1099 1020 rursus
1138 972 1253 1019 alius
1275 983 1411 1036 atque
1431 973 1562 1032 alius,
1585 972 1751 1024 eadem

190 1094 192 1096 .
214 1063 415 1117 egestate
449 1067 501 1098 ac
530 1047 710 1096 licentia
737 1047 968 1118 corrupti,
1004 1049 1061 1095 ad
1084 1048 1326 1097 seditiones
1350 1061 1395 1097 et
1417 1049 1682 1110 discordias,
1704 1060 1751 1099 et

215 1130 275 1176 ad
314 1139 595 1184 extremum,
633 1125 755 1172 bella
790 1124 936 1173 civilia
971 1125 1179 1172 ruebant.
1249 1126 1343 1174 Sed
1368 1126 1516 1184 Otho,
1539 1143 1599 1175 ne
1620 1125 1750 1193 vulgi

215 1204 489 1269 largitione,¹
528 1203 851 1251 centurionum
890 1202 1066 1249 animos
1101 1213 1342 1261 averteret,
1366 1208 1400 1232 “
1424 1204 1589 1252 fiscum
1610 1220 1749 1253 suum

214 1287 252 1310 ‘⁶
272 1281 529 1329 vacationes
580 1295 754 1326 annuas
792 1278 1150 1326 exsoluturum'’
1196 1279 1432 1342 promisit:
1478 1296 1579 1328 rem
1622 1280 1752 1328 haud

215 1358 354 1406 dubie
392 1358 569 1414 utilem,
610 1367 654 1403 et
694 1354 721 1402 a
760 1355 893 1402 bonis
928 1355 1087 1419 postea
1123 1354 1428 1420 Principibus,
1450 1356 1750 1421 perpetuitate

215 1435 482 1498 disciplinae,
522 1434 764 1488 firmatam.
848 1433 973 1479 Laco
1012 1430 1276 1495 pra-fectus,
1299 1444 1534 1497 tamquam
1555 1433 1604 1481 in
1625 1432 1748 1482 insu-

213 1512 305 1559 lam
341 1513 655 1574 seponerefflr,
691 1511 750 1557 ab
780 1512 1006 1567 evocat0,2
1050 1526 1190 1573 quem
1213 1510 1271 1558 ad
1295 1511 1471 1558 caedem
1493 1511 1591 1574 ejus
1615 1509 1756 1559 Otho-

200 1588 510 1651 .praemiserat,
546 1584 800 1635 confossus.
868 1587 922 1634 In
949 1587 1232 1636 Martianum
1254 1587 1448 1646 Icelum,
1469 1598 1520 1635 ut
1542 1586 1591 1634 in
1613 1586 1758 1635 liber·

213 1675 332 1724 tum,
355 1665 505 1728 palam
527 1663 909 1711 animadversum.

268 1822 359 1868 47.
394 1817 623 1865 EXAcro
665 1833 747 1880 per
780 1816 952 1864 scelera
974 1815 1065 1875 die,
1087 1815 1386 1864 novissimum
1409 1810 1638 1864 malorum
1658 1813 1743 1864 fuit

214 1893 380 1942 laetitia.
450 1895 597 1940 Vocat
635 1904 844 1939 senatum
879 1904 1052 1956 praetor
1075 1894 1297 1941 Urbanus
1317 1895 1349 1940 :³
1395 1903 1569 1941 certant
1590 1892 1747 1941 adula-

212 1971 412 2018 tionibus
435 1968 572 2016 ceteri
608 1966 912 2034 magistratus.
979 1971 1250 2017 Accurrunt
1270 1967 1449 2034 patres:
1487 1969 1750 2018 decernitur

215 2045 395 2094 Othoni
418 2045 710 2094 “tribunicia
731 2047 971 2110 potestas,⁴
992 2058 1038 2094 et
1066 2062 1241 2095 nomen
1274 2046 1495 2113 Augusti,
1519 2056 1572 2096 et
1585 2061 1748 2098 omnes

1014 2241 1079 2277 bat
1091 2246 1231 2289 praetor
1250 2239 1439 2277 Urba-nus-
1483 2238 1544 2275 Ita
1562 2236 1647 2276 Cic.
1666 2235 1742 2288 Ep.

267 2235 281 2253 ¹
416 2237 423 2244 ‘
453 2237 490 2273 la
541 2237 554 2273 i
574 2236 587 2273 i
658 2265 668 2274 .

308 2236 422 2288 Vulgz
494 2250 540 2288 rg
555 2243 571 2274 t
588 2250 655 2275 ⁰⁷⁸?
1016 2306 1058 2331 x.
1085 2298 1145 2332 12.
1175 2293 1327 2331 Placuit
1348 2291 1463 2336 nobis,
1482 2290 1667 2328 utstatim
1693 2289 1745 2328 ad

215 2296 270 2328 est
298 2290 602 2341 manipularibus
614 2290 814 2337 militibus,
829 2292 944 2341 largi-

741 2237 885 2288 Vulgo,
901 2239 940 2276 id

215 2352 275 2382 tus
306 2351 362 2382 est
378 2344 482 2382 Otho
501 2345 759 2389 yacatiomnm
776 2347 944 2383 centuri-

214 2398 352 2434 onibus
371 2398 538 2447 praestari
555 2397 767 2442 solitarum,
783 2400 944 2436 remissi·

212 2463 346 2495 onem;
375 2458 427 2495 at,
455 2463 501 2487 ne
519 2449 591 2488 haic
626 2450 835 2500 largitione,
857 2464 942 2489 cen-

213 2506 407 2542 turionum
444 2504 590 2541 animos
617 2511 812 2549 averteret,
831 2505 941 2554 quasi

213 2560 291 2596 suis
323 2558 534 2594 commodis
569 2557 848 2603 fraudarentur,
881 2558 941 2595 fis—

213 2623 303 2649 cum
337 2622 449 2648 suum
487 2611 701 2648 vacationes
731 2623 876 2648 annuas
895 2612 942 2649 iis

207 2663 471 2701 exsoluturuin
492 2664 678 2714 promisit.

262 2714 281 2732 ²
300 2718 359 2754 Ab
376 2723 540 2754 erocato.
597 2717 656 2753 De
678 2718 844 2754 evocatis
856 2717 939 2767 jam

207 2772 356 2809 dictum
374 2778 427 2807 est
447 2782 564 2819 supra
582 2781 666 2820 cap.
683 2774 749 2807 41.

260 2820 275 2842 ³
306 2823 423 2861 Vocat
460 2828 625 2860 senatum
646 2828 788 2873 proetor
820 2823 942 2860 Urba-

207 2890 289 2914 nus.
313 2877 521 2913 Interfectis
541 2876 691 2913 duobus
717 2876 939 2913 consulibus

209 2928 338 2967 Galba
356 2937 394 2966 et
407 2930 538 2974 Vinio,
556 2941 688 2967 eorum
714 2930 844 2968 munia
859 2930 942 2967 obi-

1016 2346 1232 2391 Cornutum‚
1255 2351 1452 2395 praetorem
1476 2342 1744 2389 Urbanmzdi·

1015 2404 1117 2437 teras
1135 2400 1361 2450 dejero-emus
1372 2413 1385 2436 .·
1417 2397 1494 2448 qui,
1505 2397 1601 2447 qubd
1613 2409 1727 2434 consu

1016 2453 1068 2490 les
1085 2453 1254 2497 aberant,
1274 2451 1467 2490 consulare
1483 2462 1614 2488 munus
1630 2448 1744 2488 susti·

1015 2507 1125 2543 nebat
1142 2519 1242 2543 more
1260 2507 1456 2555 mqjorum.

1066 2557 1086 2579 ⁴
1119 2559 1336 2597 Tribmzicia
1363 2562 1545 2608 potestas.
1582 2555 1674 2595 Fuit
1700 2554 1740 2594 in

1015 2623 1145 2649 museo
1179 2611 1340 2661 collegii
1387 2608 1574 2648 Ludovici
1606 2608 1743 2660 Magni

1015 2678 1194 2702 nummus
1211 2673 1427 2714 argenteus:
1458 2662 1573 2700 IMP.
1589 2661 1744 2702 OTHO

1015 2718 1229 2757 CAESAR
1265 2717 1396 2756 AVG.
1436 2716 1524 2754 TR.
1554 2715 1599 2753 P.
1615 2715 1750 2766 capite!

1015 2775 1133 2809 nudo.
1205 2772 1248 2808 In
1277 2768 1427 2821 postica
1469 2774 1590 2820 parte,
1629 2767 1741 2808 PAX

1014 2823 1215 2863 ORBlS
1245 2821 1630 2861 TERRARUM.
1657 2821 1745 2860 Pax

1012 2883 1115 2917 stans
1134 2890 1224 2918 cum
1244 2877 1416 2917 caduceo
1433 2882 1473 2915 et
1485 2887 1593 2914 ramo
1610 2873 1719 2914 olea.
