1786 3204
192 155 245 198 36
630 155 676 194 C.
704 152 971 193 CORNELII
997 153 1182 195 TAcrrx
1399 160 1452 199 A.
1479 159 1532 200 U.
1560 161 1606 203 C.
1638 164 1734 203 822.
1777 180 1786 244 ί

190 257 298 307 siliis
336 256 610 306 flecteretur.
680 257 1001 306 Tribunorum
1025 257 1248 306 Subrium
1270 269 1316 307 et
1340 260 1551 311 Cetrium
1567 262 1750 314 milites

193 335 342 384 adorti
379 335 531 394 minis,
571 335 838 401 Longinum
877 334 1088 383 manibus
1112 348 1344 396 coercent,
1367 326 1749 405 exarmantq'ue’r
1783 330 1786 333 ⁵

190 413 298 478 quia
331 429 427 461 non
449 411 611 460 ordine
634 412 839 471 militiae,¹
862 413 944 460 sed
969 412 994 460 ὲ
1022 413 1189 462 Galbae
1208 413 1380 474 amicis,
1393 415 1516 465 fidus
1531 416 1734 482 Prinospi
1783 418 1786 435 ¹

191 507 295 550 suo,
319 501 364 538 et
386 489 739 537 desciscentibus
762 489 1016 552 suspectior
1047 501 1157 537 erat.
1227 491 1373 556 Legio
1397 493 1599 553 classica,
1618 493 1734 543 nihil
1784 520 1786 525 ·

193 577 421 626 cunctata,
459 566 742 630 praetorianis
781 566 1059 631 adjungitur.
1130 567 1298 632 Illyrici
1321 570 1557 619 exercitiis
1582 571 1750 631 electis
1779 564 1786 576 ”

195 646 389 694 Celsum
427 642 601 692 infestis
640 643 759 707 pilis‘
799 645 1087 707 proturbant.
1160 646 1441 694 Germanica
1461 648 1632 696 vexilla
1652 649 1750 698 diu'-

191 733 410 769 nutavere
428 724 460 780 ;³
501 720 707 768 invalidis
746 721 897 768 adhuc
938 721 1226 785 corporibus,
1267 733 1312 770 et
1343 723 1529 787 placatis
1551 725 1732 787 animis,
1743 743 1753 751 ·’

190 798 322 863 quod
360 815 456 857 eos,
497 815 524 845 a
559 799 750 846 Nerone
786 799 1120 846 Alexandriam
1145 799 1444 862 praemissos,⁴
1464 813 1602 867 atque
1622 803 1732 852 inde

189 892 366 923 rursus.
383 874 524 940 longa
558 875 846 941 navigatione
889 893 1058 942 aegros,
1099 876 1375 941 impensiore
1415 895 1528 928 cura
1577 879 1732 969 Galba

191 950 443 1000 refovebat.

257 1118 337 1158 32.
373 1110 603 1159 Universa
635 1112 732 1176 jam
762 1112 892 1175 plebs
915 1111 1134 1175 palatium
1156 1111 1392 1176 implebat,
1416 1112 1571 1162 mixtis
1592 1113 1732 1164 servi-⁵

188 1187 277 1246 tiis,
301 1198 345 1235 et
368 1186 551 1235 'dissono
574 1188 794 1246 clamore,
819 1193 851 1215 “
871 1189 1047 1236 caedem
1073 1189 1291 1249 Othonis,
1316 1201 1360 1237 et
1385 1190 1731 1256 conjuratorum

191 1272 224 1294 “
247 1264 440 1313 exitium
479 1263 785 1328 poscentium,
826 1275 878 1312 ut
899 1265 936 1313 si
968 1265 1015 1312 in
1038 1264 1178 1324 circo,
1202 1282 1254 1313 ac
1277 1266 1474 1326 theatro,
1497 1266 1749 1318 ludicrum·

189 1349 223 1372 ‘⁶
241 1342 427 1406 aliquod
466 1342 800 1405 postularent.''
869 1344 1039 1407 Neque
1061 1342 1149 1391 illis
1160 1342 1404 1408 judicium,
1427 1356 1506 1393 aut
1528 1344 1743 1395 veritas&

190 1419 359 1485 quippe
395 1420 562 1467 eodem
598 1419 672 1467 die
695 1419 873 1469 diversa
889 1418 986 1485 pari
1010 1421 1257 1470 certamine
1279 1421 1609 1486 postulaturis:
1645 1416 1728 1472 sed
1743 1438 1750 1461 1

189 1497 356 1544 tradito
404 1512 552 1554 more,
578 1513 921 1562 quemcumque
967 1497 1228 1562 Principem
1268 1499 1501 1559 adulandi,
1545 1499 1747 1550 licentii·

187 1573 585 1632 acclamationum,
626 1584 671 1620 et
706 1574 866 1622 studiis
887 1574 1111 1623 inanibus.
1181 1575 1370 1623 Interim
1395 1577 1597 1625 Galbam
1620 1580 1754 1628 duaev·

187 1650 423 1699 sententiae
469 1650 754 1699 distinebant.
846 1653 980 1701 Titus
1025 1652 1188 1701 Vinius
1228 1657 1263 1680 “
1286 1654 1569 1702 manendum
1606 1650 1750 1704 iniri*

189 1733 222 1756 “
246 1729 458 1786 domum,
497 1729 773 1791 opponenda
811 1730 1007 1789 servitia,
1030 1730 1282 1777 firmandos
1311 1729 1477 1789 aditus,
1497 1746 1597 1779 non·
1615 1727 1747 1782 eun!

185 1809 225 1837 5‘
249 1806 363 1853 dum
403 1805 462 1852 ad
490 1804 662 1853 iratos''
687 1809 929 1856 censebat:
967 1813 1000 1836 ‘⁶
1024 1808 1153 1856 daret
1175 1807 1406 1855 malorum
1428 1804 1745 1872 poenitentiae,

192 1886 227 1910 ‘⁶
250 1882 379 1930 daret
402 1883 640 1930 bonorum
664 1885 907 1933 consensui
929 1884 1157 1949 spatium:
1200 1884 1373 1932 scelera
1393 1884 1584 1954 impetu,
1607 1887 1730 1936 bona

247 2105 261 2122 ¹
292 2106 382 2144 Non
401 2107 531 2145 ordine
549 2106 705 2145 militiae.
761 2109 850 2146 Non
865 2121 925 2146 or-

991 2120 1069 2146 xx.
1098 2106 1206 2146 Illud
1222 2106 1356 2145 mirum
1375 2107 1727 2161 admodtlmsuerit,

194 2158 282 2197 dine
318 2160 477 2207 militiae,
518 2162 582 2198 sod
614 2159 736 2211 gratia
771 2162 922 2206 Galbae,

987 2174 1103 2212 neque
1129 2160 1369 2211 prce-sentium
1401 2162 1606 2212 quempiam
1623 2174 1727 2213 opem

195 2213 319 2251 factus
360 2221 442 2251 erat
490 2214 678 2260 tribunus,
711 2215 806 2252 forte
831 2215 921 2252 esim

193 2268 433 2305 exauctorati
453 2274 541 2305 sunt
561 2267 752 2305 Antonius
771 2268 923 2305 Taurus

193 2326 232 2356 et
245 2321 434 2358 Antonius
451 2322 570 2369 Naso,
586 2322 632 2358 de
651 2321 790 2371 quibus
807 2334 924 2372 supra

194 2386 239 2411 ca
271 2402 279 2411 .
297 2379 362 2412 20.

242 2386 266 2442 ξ
293 2425 453 2478 Infestis
462 2428 564 2477 pilis.
581 2428 777 2479 Vegetiu3‚
791 2439 840 2466 11.
860 2431 921 2465 15.

194 2480 351 2518 Hostile
380 2481 513 2530 pedum
549 2482 707 2532 quinque
739 2487 777 2519 et
804 2482 923 2527 semis,

192 2534 291 2583 quod
324 2533 440 2583 pilum
472 2536 669 2579 vocabant,
686 2548 782 2573 nunc
804 2535 925 2585 spicu-

193 2587 268 2624 lum
287 2587 439 2632 dicitvr,
459 2587 509 2625 ad
541 2590 806 2639 cqjusjaetum
825 2602 925 2626 exer-

194 2640 374 2677 cebantur
406 2641 591 2691 praecipue
624 2642 759 2680 milites
773 2657 785 2680 .·
830 2642 928 2692 quod

195 2698 280 2730 arte
300 2699 334 2731 et
364 2693 507 2731 ¹virtute
535 2695 730 2740 directum,
748 2701 785 2733 et
803 2700 928 2733 scuta-

989 2214 1336 2265 Imperatoriferre
1351 2219 1522 2252 conatum
1526 2221 1575 2260 ,et
1589 2228 1724 2263 omnes,

989 2269 1052 2318 qui
1081 2273 1371 2311 arcesserentur,
1390 2267 1573 2317 sprevisse
1595 2269 1739 2308 nunti·-

989 2320 1219 2371 vm,e.rceptd
1245 2319 1552 2359 Germanicorum
1570 2322 1741 2362 vexilla..

989 2375 1102 2413 tione.
1157 2374 1203 2412 H
1203 2374 1216 2411 i
1233 2374 1276 2412 ob
1289 2387 1415 2412 recens
1427 2375 1611 2422 meritum,
1625 2375 1738 2427 ᾳισὸιέ7

988 2442 1027 2466 se
1054 2440 1173 2479 aegros
1214 2433 1251 2465 et
1287 2427 1470 2466 invalidos
1500 2429 1723 2480 magnaper?

979 2481 1154 2533 fin-isset,
1190 2481 1229 2518 in
1261 2480 1443 2518 auxilium·
1465 2483 1717 2523 advolavm:

987 2535 1052 2573 sed
1074 2533 1197 2572 seritis
1234 2533 1370 2572 itinere
1387 2535 1494 2572 devio
1519 2547 1589 2585 per
1614 2535 1719 2587 igno-

975 2588 1154 2626 *mutiam
1174 2587 1337 2624 locorum
1355 2587 1559 2626 retardati.

1043 2640 1063 2663 ⁴
1089 2640 1360 2679 Alexandriam
1375 2641 1596 2691 proemiuot.
1615 2640 1734 2680 Cimb

991 2694 1268 2732 Alexandriam
1281 2693 1471 2744 proficisci
1484 2693 1720 2744 velletNero,

195 2751 254 2783 tos
293 2746 452 2796 pedites,
488 2752 523 2784 et
573 2748 752 2787 loricatos
787 2748 926 2799 equites
990 2756 1027 2785 et
1046 2747 1190 2785 bellum
1207 2747 1385 2785 adversns
1390 2747 1590 2808 ‘Ethiopas
1604 2759 1720 2799 para·

194 2801 754 2892 faeygeDtZtv'tl-kazrssgrrgbassidem
769 2846 929 2892 Germa-

193 2917 330 2944 norum
368 2913 528 2947 testatur
564 2908 674 2947 Suet.
711 2908 750 2946 in
785 2907 926 2951 Galba,

991 2808 1058 2838 ret.
1077 2801 1180 2838 Vide
1199 2801 1355 2838 Sueton.
1387 2801 1426 2838 in
1446 2801 1540 2840 Ner.
1560 2811 1658 2844 ,mx-
1679 2810 1719 2840 et

992 2854 1247 2912 SupphAnn.
1266 2858 1445 2900 xv1.47.
