1786 3204
70 178 109 222 J.
126 180 174 219 C.
191 175 259 224 69.
292 201 296 205 .
409 174 799 215 HISTORIARUM
829 174 990 214 LIBER
1022 174 1296 221 QUARTUS.
1537 181 1616 223 275

70 278 263 348 gantur,
277 279 398 330 duce
420 279 632 344 Aquilio,
665 278 966 343 primipilari,¹
999 294 1172 336 nomen
1193 278 1339 344 magis
1363 280 1618 343 cicerculis,

71 358 215 424 quim
235 355 396 406 robur.
451 357 638 420 Quippe
659 356 832 404 viribus
855 356 1119 404 cohortium
1140 357 1366 416 abductis,
1386 358 1617 420 Vitellius,

71 435 116 484 ὲ
113 435 344 500 proximis
378 434 694 482 Nerviorum²
732 435 1201 499 Germanorumque³
1239 434 1387 501 pagis,
1421 453 1618 503 segnem·

37 528 320 562 numerum
341 511 480 560 armis
501 512 782 559 oneraverat.

142 679 457 727 16.C1vn,1s
505 674 614 723 dolo
665 674 993 739 grassandum
1000 687 1152 735 ratus,
1208 677 1431 726 incusavit
1488 679 1626 727 ultro·

69 754 330 826 praefectos,
366 759 399 782 “
424 753 554 818 quod
585 752 777 799 castella
799 752 1116 801 deseruissent.
1187 756 1247 803 Se
1270 772 1379 803 cum
1402 757 1620 817 cohorte,-

74 836 106 859 ‘¹
137 831 212 880 cui
255 843 468 896 praeerat,
518 828 868 879 Canninefatem
907 832 1160 879 tumultum
1205 846 1611 897 compressurum.
1618 848 1621 851 ·

72 914 104 937 “
136 910 202 958 illi
224 927 305 958 sua
327 910 522 974 quisque
558 907 748 955 hiberna
779 919 1058 971 repeterent.
1063 910 1096 931 ”
1165 911 1363 958 Subesse
1399 909 1619 960 fraudem·

68 988 276 1062 consilio,
310 1000 355 1034 et
377 987 600 1050 dispersas
622 986 836 1034 cohortes
858 985 1040 1035 facilius
1061 988 1276 1063 opprimi,
1307 1004 1393 1036 nec
1416 987 1614 1037 Brinno·
1617 1000 1621 1004 ’
1644 978 1646 980 ’

68 1082 178 1114 nem
197 1067 369 1113 ducem
392 1066 489 1130 ejus
518 1063 646 1122 belli,
679 1061 760 1111 sed
785 1061 983 1112 Civilem
1010 1081 1124 1124 esse,
1158 1066 1331 1129 patuit.
1368 1082 1615 1130 erumpen-

0 1199 6 1205 ,
67 1143 190 1193 tibus
212 1142 429 1208 paulatim
451 1142 642 1200 indiciis,
680 1159 785 1206 quae
810 1142 1052 1201 Germani,
1082 1143 1187 1191 laeta
1208 1143 1332 1191 bello
1355 1159 1487 1209 gens,
1517 1159 1618 1192 non

69 1221 149 1269 diu
185 1221 540 1270 occultaverant.
611 1219 710 1268 Ubi
748 1219 922 1269 insidiae
962 1221 1133 1284 parum
1175 1237 1369 1280 cessere,
1418 1222 1479 1269 ad
1517 1221 1614 1278 vim

67 1311 394 1365 transgressus,
430 1296 771 1357 Canninefates,
788 1298 972 1357 Frisios,
997 1300 1193 1346 Batavos
1214 1298 1410 1363 propriis
1431 1296 1619 1347 cuneis⁴

68 1376 332 1440 componit:
369 1370 541 1424 directa
564 1394 624 1424 ex
647 1376 827 1424 diverso
850 1376 1003 1436 acies,⁵
1036 1377 1160 1424 haud
1183 1376 1347 1440 procul
1370 1375 1399 1424 a
1421 1375 1614 1424 flumine

70 1455 260 1513 Rhen0,
294 1464 340 1502 et
362 1453 564 1502 obversis
585 1454 633 1501 in
651 1454 832 1501 hostem
853 1453 1062 1512 navibus,
1086 1470 1217 1518 quas,
1238 1453 1432 1502 incensis
1455 1454 1620 1502 casteI-‘
1648 1479 1651 1482 ·

66 1532 140 1591 lis,
175 1532 285 1581 illuc
319 1526 617 1596 appulerant:
653 1547 739 1579 nec
757 1531 836 1579 diu
859 1543 1050 1590 certam,
1083 1533 1388 1597 Tungrorum
1402 1528 1421 1552 ⁶
1443 1531 1614 1581 cohors

66 1610 196 1676 signa
223 1610 282 1657 ad
315 1609 513 1659 Civilem
547 1609 803 1657 transtulit:
839 1608 1131 1674 perculsique
1161 1605 1339 1656 'milites
1363 1606 1612 1673 improvisa

66 1687 343 1753 proditione,
367 1680 396 1733 a
417 1686 555 1735 sociis
571 1686 872 1750 hostibusque
895 1686 1205 1735 caedebantur.
1274 1687 1451 1734 Eadem
1474 1687 1612 1735 etiam

67 1759 260 1813 navibus
281 1764 485 1828 perfidia.
554 1765 665 1812 Pars
686 1765 919 1830 remigum
942 1765 969 1813 ὲ
989 1765 1186 1824 Batavis,
1210 1776 1447 1829 tamquam
1467 1765 1620 1830 impe-·

65 1841 205 1901 ritia,
227 1834 385 1889 ¹officia
427 1852 671 1890 nautarum
722 1853 1216 1908 propugnatorumque
1266 1842 1609 1906 impediebant:

66 1936 182 1968 mox
220 1931 380 1967 contra
414 1915 620 1978 tendere,
654 1930 700 1967 et
733 1936 911 1983 puppes
945 1919 1098 1967 hostili
1135 1920 1249 1984 ripae
1285 1920 1513 1984 objicere:
1543 1920 1620 1968 ad'

65 2008 353 2062 postremum
375 1998 707 2062 gubernatores
729 1996 1141 2061 centurionesque,
1159 1996 1246 2064 nisi
1268 1998 1430 2045 eadem
1451 1997 1610 2045 volen-

66 2086 152 2133 tes,
185 2075 432 2134 trucidant,
466 2076 614 2123 donec
654 2075 865 2122 universa
904 2086 1103 2139 quatuor
1141 2085 1187 2123 et
1210 2070 1384 2140 ¹viginti
1421 2074 1612 2129 navium

65 2152 236 2212 classis,
270 2151 595 2219 transfugeret,
629 2149 708 2201 aut
729 2165 985 2218 caperetur.

138 2312 213 2359 17.
250 2309 443 2356 CLARA
474 2325 527 2356 ea
555 2307 744 2356 victoria
777 2307 826 2354 in
859 2323 1079 2372 praesens,
1111 2307 1160 2354 in
1198 2318 1436 2371 posterum
1473 2306 1576 2356 usui
1591 2324 1607 2355 t

64 2399 286 2449 armaque
319 2397 365 2433 et
399 2371 554 2445 naves,
589 2386 756 2451 quibus
795 2385 1078 2452 indigebant,
1112 2385 1282 2449 adepti,
1315 2383 1485 2450 magna
1522 2401 1608 2449 per
1647 2372 1654 2381 ⁸

117 2573 133 2592 ¹
176 2575 425 2628 Primipilari.
496 2578 627 2616 Primo
669 2584 799 2616 centu·
874 2586 910 2615 te
928 2578 1222 2629 angustioribus,
1252 2575 1387 2613 deinde
1407 2575 1608 2614 latioribus

65 2628 184 2668 tione.
874 2633 959 2670 vide
977 2633 1075 2669 infra
1093 2632 1131 2668 in
1153 2630 1528 2667 MoribusGerman.
1547 2641 1609 2668 vx.

118 2680 138 2698 ²
164 2683 409 2722 Nerviorum.
456 2685 574 2723 Nunc
594 2684 799 2724 Hainault,
928 2684 941 2706 ⁵
972 2686 1098 2724 Acie&
1155 2680 1284 2730 Acies,
1302 2691 1347 2721 ut
1362 2683 1526 2730 videtur,-
1544 2696 1609 2720 oc-

49 2735 53 2740 ”
118 2732 135 2756 ³
154 2736 507 2790 Germanorumque.
555 2739 799 2789 Tungrorum
874 2739 1026 2777 currere
1043 2751 1161 2790 prope
1179 2737 1321 2783 locum,
1346 2737 1414 2788 qui
1432 2749 1535 2774 nunc
1554 2736 1613 2774 di-

64 2787 306 2852 aliorumque
327 2792 608 2830 Germanorum
636 2792 800 2843 populo·
873 2794 976 2832 citur
1006 2792 1258 2842 Kuileuburg,
1298 2791 1335 2828 in
1369 2791 1430 2828 tlte
1464 2790 1533 2828 isle
1569 2790 1619 2842 qs

65 2855 167 2889 rum,
191 2845 259 2894 qui
277 2845 299 2883 ὲ
317 2845 526 2884 Germania.
553 2847 594 2885 in
613 2846 682 2883 has
714 2859 798 2885 oras
874 2847 1039 2885 Betuwe.

67 2896 302 2940 transierant.
928 2897 945 2918 ⁶
966 2901 1218 2951 Tungrorum.
1274 2899 1453 2944 Quorum
1470 2909 1610 2935 nomen

119 2946 140 2973 ⁴
166 2949 314 2992 Cuneis.
370 2952 432 2991 De
459 2951 518 2992 his
540 2954 671 2992 cuneis
701 2953 800 2994 fron·
875 2954 1005 2994 adhuc
1024 2960 1153 2993 manet
1170 2954 1209 2992 in
1226 2952 1371 3004 oppido
1390 2951 1575 3003 Tongres.
