1786 3204
29 172 69 216 J.
86 173 134 212 C.
151 168 223 216 69.
399 163 787 205 HISTORIARUM
818 161 980 200 LIBER
995 161 1231 206 PRIMUS.
1526 164 1580 207 79

32 275 157 324 diam
178 272 329 331 miles,
362 281 408 319 et
438 268 722 333 compositus
755 266 804 314 in
826 264 1117 330 obsequium·
1138 269 1174 293 “
1197 275 1407 313 auctores
1430 266 1581 314 sediti-

32 357 77 408 i‘
91 351 194 405 onis
212 351 272 398 ad
289 347 567 414 supplicium
582 348 614 368 ''
640 346 765 394 ultro
788 344 1062 409 postulabat.
1079 371 1081 373 ·

103 514 182 555 83.
220 507 399 562 OTHO,
418 515 700 568 quamquam
717 500 911 549 turbidis
932 501 1090 557 rebus,
1108 511 1153 547 et
1175 499 1364 547 diversis
1381 499 1580 549 militum

34 584 214 642 animis,
236 583 352 631 cum
372 581 574 645 optimus
595 580 793 643 quisque
821 583 855 606 ‘⁶
878 565 1139 625 remedium
1169 577 1406 640 praesentis
1441 577 1580 626 licen-

37 667 72 691 “
94 661 171 710 tiae
189 662 222 682 '’
258 669 497 724 posceret:
533 656 719 722 vulgus,
742 667 788 703 et
823 655 998 719 plures,
1033 653 1330 702 seditionibus
1360 665 1406 701 et
1438 656 1583 703 ambiss

36 739 157 792 fioso
178 737 372 801 imperio
392 738 405 758 ¹
440 734 551 796 laeti,
588 751 673 798 per
706 734 865 781 turbas
887 743 932 780 et
965 743 1123 796 raptus
1153 730 1335 779 facilius
1368 733 1427 780 ad
1449 733 1583 782 civile

38 815 220 866 bellum
253 814 631 879 impellerentur:
668 810 805 859 simul
845 820 1064 874 reputans
1102 824 1199 855 non
1237 825 1372 872 posse
1416 810 1584 874 princi-

37 904 216 959 patum,
238 892 411 947 scelere
433 889 696 954 quaesitum,
723 886 874 935 subita
896 885 1141 944 modestia,
1177 897 1223 933 et
1251 885 1400 950 prisca
1432 888 1583 952 gravi·-

38 982 130 1020 tate
174 969 392 1019 retineri:
439 968 522 1016 sed
561 965 823 1014 discrimine
867 964 1014 1013 Urbis
1058 975 1104 1012 et
1142 964 1350 1028 periculo
1395 966 1584 1015 senatus

35 1048 218 1107 anxius,
240 1045 477 1111 postremo
494 1044 556 1100 ita
578 1042 803 1092 disseruit.
874 1047 907 1070 “
930 1043 1101 1106 Neque
1118 1053 1170 1089 ut
1190 1041 1382 1090 affectus
1403 1054 1582 1092 vestros

37 1131 72 1163 ⁶‘
102 1125 154 1173 'in
189 1140 397 1173 amorem
435 1122 526 1170 mei
565 1123 885 1179 accenderem,
930 1120 1286 1179 commilitones,
1329 1137 1483 1185 neque
1527 1132 1581 1169 ut

39 1208 73 1254 5‘
107 1203 315 1252 animum
349 1201 409 1250 ad
443 1200 662 1248 virtutem
688 1199 990 1247 cohortarer:
1028 1208 1225 1261 utraque
1246 1196 1371 1245 enim
1393 1197 1584 1264 egregie

39 1287 74 1333 ξ(
100 1290 376 1345 ¹supersunt:
400 1278 481 1326 sed
503 1276 610 1326 veni
631 1276 946 1340 postulaturus
968 1275 996 1322 a
1012 1274 1143 1329 vobis
1164 1280 1583 1340 temperamentum

41 1364 76 1399 ‘⁵
109 1370 276 1412 vestra:
310 1355 610 1413 fortitudinis,
633 1365 679 1402 et
715 1371 826 1419 erga
861 1371 938 1401 me
973 1353 1171 1401 modum
1205 1352 1414 1402 caritatis.
1484 1355 1585 1403 Tu-

40 1442 77 1489 ;“
108 1436 288 1484 multus
322 1432 523 1498 proximi
557 1431 755 1490 initium,
791 1447 888 1479 non
923 1430 1186 1495 cupiditate,
1217 1431 1291 1479 vel
1322 1432 1448 1491 odio,
1472 1450 1581 1497 quae

40 1518 76 1568 .“
109 1513 282 1561 multos
303 1511 533 1560 exercitus
554 1509 604 1556 in
625 1508 901 1557 discordiam
923 1508 1082 1573 egere,
1103 1525 1156 1556 ac
1177 1525 1238 1556 ne
1256 1510 1584 1559 detrectatione

42 1597 76 1620 “
111 1591 319 1656 quidem,
340 1600 421 1637 aut
442 1586 689 1635 formidine
710 1586 1055 1651 periculorum:
1090 1586 1231 1634 nimia
1251 1587 1394 1651 pietas
1415 1599 1585 1648 vestra,

41 1674 77 1698 ‘⁴
109 1668 265 1717 acrius
287 1665 432 1732 quam
454 1664 806 1724 consideratius,
829 1663 1057 1712 excitavit.
1123 1666 1252 1714 Nam
1273 1681 1396 1728 saepe
1418 1665 1585 1714 hones-

42 1751 77 1774 “
110 1757 178 1794 tas
199 1761 359 1806 rerum
381 1759 556 1802 causas,
578 1742 626 1790 ni
650 1741 879 1808 judicium
900 1741 1135 1800 adhibeas,
1165 1741 1407 1805 perniciosi
1431 1743 1583 1792 exitus

42 1829 78 1853 ‘⁶
111 1833 473 1887 consequuntur.
541 1821 669 1867 Imus
708 1820 767 1867 ad
801 1819 1008 1867 bellum:
1044 1835 1161 1866 num
1196 1836 1358 1878 omnes
1396 1821 1584 1869 nuntios

40 1907 85 1957 ,“.
108 1901 261 1965 palam
282 1899 447 1958 audiri,
469 1897 624 1953 omnia
646 1897 834 1945 consilia
855 1897 1033 1946 cunctis
1056 1897 1359 1961 praesentibus
1380 1899 1583 1958 tractari,

41 1984 77 2008 “
111 1978 226 2026 ratio
265 1994 442 2045 rerum,
486 1989 565 2023 aut
602 1975 901 2034 occasionum
943 1976 1159 2023 velocitas
1203 1975 1405 2040 patitur?
1462 1977 1586 2024 Tam

42 2062 77 2085 ‘⁶
110 2055 286 2104 nescire
326 2054 542 2118 quaedam
580 2050 763 2112 milites,
809 2051 956 2117 quam
998 2052 1114 2100 scire
1158 2064 1355 2117 oportet.
1423 2055 1491 2101 Ita
1534 2070 1586 2102 se

44 2139 78 2162 “
112 2134 289 2182 ducum
322 2132 586 2190 auctoritas,
622 2130 687 2180 sic
717 2131 847 2197 rigor
876 2130 1127 2196 disciplinae
1161 2131 1317 2190 habet,
1352 2142 1404 2178 ut
1439 2132 1587 2180 multa

42 2217 78 2241 “
111 2210 249 2260 etiam
289 2208 581 2258 centuriones
616 2209 920 2274 tribunosque
955 2210 1142 2257 tantum
1168 2208 1323 2274 juberi
1353 2209 1583 2272 expediat.

44 2295 79 2351 .“
114 2288 181 2348 Si,
226 2288 306 2336 ubi
345 2288 612 2354 jubeantur,
665 2304 875 2351 quaerere
920 2286 1110 2352 singulis
1163 2287 1325 2346 liceat;
1352 2298 1587 2349 ,pereunte

40 2355 81 2395 '⁴‘
117 2365 360 2431 obsequi0,
383 2364 521 2413 etiam
556 2364 804 2427 imperium
841 2364 1084 2412 intercidit.
1154 2366 1235 2411 An
1258 2375 1304 2411 et
1333 2362 1426 2411 illic
1450 2375 1589 2412 nocte

45 2449 79 2472 “
112 2442 386 2507 intempesta
430 2441 666 2506 rapientur
700 2442 862 2490 arma?
897 2443 1038 2499 Unus
1075 2441 1247 2489 alterve
1286 2441 1493 2505 perditus
1532 2458 1586 2489 ac

45 2526 79 2550 “
112 2521 393 2569 temulentus
431 2523 608 2584 (neque
631 2520 756 2568 enim
789 2521 946 2584 plures
976 2518 1343 2568 consternatione
1368 2518 1585 2581 proxima

46 2603 80 2626 “
113 2598 329 2647 insanisse
372 2597 672 2659 crediderim)
718 2597 997 2646 centurionis
1041 2614 1094 2644 ac
1139 2595 1311 2643 tribuni
1363 2595 1587 2661 sanguine

45 2680 80 2704 “
114 2691 278 2729 manus
293 2674 502 2723 imbuet?
536 2674 828 2739 Imperatoris
851 2674 922 2723 sui
944 2673 1196 2723 tentorium
1217 2672 1485 2736 inrumpet?
1565 2702 1577 2715 .⁷

140 2906 155 2925 ¹
196 2908 400 2947 Ambitiosa
432 2908 599 2959 imperio.
647 2909 812 2959 Imperio
831 2921 900 2959 per
915 2909 1101 2947 ambitum
1122 2907 1283 2958 quaesito
1301 2914 1338 2944 et
1355 2911 1513 2945 retento.
