1786 3204
12 83 45 100 N

37 183 77 223 J.
103 183 151 222 c.
180 178 247 226 69.
409 174 795 216 HlsromARUM
826 160 989 212 mmm
1016 172 1238 212 Primus,
1527 177 1580 217 37

30 288 67 315 ‘⁴
88 280 279 332 consilia
315 276 449 328 mora
487 277 732 326 valescere.
817 274 1036 339 Denique
1072 274 1379 335 eundiultro‚
1403 273 1440 322 si
1461 274 1577 322 ratio

31 365 68 390 ‘⁴
89 360 163 419 sit,
202 358 414 407 eamdem
449 372 564 403 mox
586 352 880 402 facultatem:
927 368 1181 418 regressus,
1211 352 1248 400 si
1270 351 1506 416 poeniteat,
1529 351 1577 398 in

33 442 69 467 ‘⁶
91 434 240 486 alieni
263 433 538 500 potestate.’'
586 444 591 452 ‘

101 600 181 642 33.
217 597 251 621 “
264 588 705 640 FEsT1NANDtm”
757 586 919 635 ceteris
973 586 1231 645 videbatur,
1278 591 1312 614 “
1328 587 1577 651 antequam

35 673 66 706 ‘-‘
87 680 314 718 cresceret
333 667 536 715 invalida
557 665 709 713 adhuc
733 663 989 730 conjuratio
1012 680 1284 727 paucorum.
1354 665 1575 728 Trepida-

35 750 67 772 “
89 757 250 795 turum
285 745 421 793 etiam
449 743 707 800 Othonem,
733 741 811 805 qui
834 739 996 787 furtim
1021 741 1286 805 digressus,¹
1310 743 1368 788 ad
1390 741 1576 806 ignaros

35 826 68 849 “
89 823 273 882 inlatus,
313 819 601 870 cunctatione
635 833 778 876 nunc,
819 828 864 864 et
891 816 1082 882 segnitia
1106 817 1351 865 terentium
1375 829 1574 882 tempus,
1621 839 1627 845 ·

34 903 65 926 “
86 900 252 948 imitari
273 897 534 961 Principem
557 895 712 942 discat.
782 894 895 941 Non
918 894 1278 958 expectandum,
1302 906 1370 954 ut,
1385 911 1574 959 compo-

36 981 66 1005 “
89 978 182 1026 sitis
219 976 391 1034 castris,
414 973 572 1021 forum
604 971 804 1029 invadat,
828 982 873 1018 et
895 982 1214 1035 prospectante
1241 972 1413 1030 Galba,
1439 973 1573 1036 Capi-

35 1058 69 1081 “
91 1054 256 1102 tolium
290 1054 450 1101 adeat:
504 1051 628 1098 dum·
659 1047 872 1114 egregius
917 1050 1189 1112 Imperator,
1225 1066 1335 1097 cum
1378 1048 1574 1097 fortibus

37 1135 68 1158 “
89 1131 263 1190 amicis,
280 1128 422 1196 janua
443 1145 496 1176 ac
520 1127 676 1175 limine
706 1138 840 1174 tenus
863 1126 1058 1173 domum
1081 1126 1261 1185 cludit‚²
1288 1126 1575 1194 obsidionem

38 1212 70 1235 “
92 1208 312 1257 nimirum
335 1207 625 1255 toleraturus.
711 1204 772 1250 Et
795 1203 1071 1267 praeclarum
1093 1203 1142 1250 in
1165 1203 1306 1251 servis
1329 1203 1575 1262 auxilium,

41 1290 71 1312 “
93 1285 131 1335 si
170 1300 419 1334 consensus
451 1293 589 1330 tantae
613 1280 934 1340 multitudinis,
958 1292 1004 1328 et
1027 1298 1132 1345 quae
1156 1281 1417 1345 plurimum
1442 1281 1578 1340 valet,

38 1367 70 1390 “
91 1363 240 1428 prima
256 1360 527 1429 “indignatio
565 1360 842 1425 languescat.
912 1357 1113 1406 Proinde
1135 1358 1298 1416 intuta,
1322 1376 1429 1422 quae
1446 1358 1572 1406 inde-

43 1445 74 1470 “
96 1455 236 1489 cora:
272 1438 364 1496 vel,
383 1437 419 1485 si
442 1437 607 1484 cadere
642 1452 828 1484 necesse
850 1436 924 1494 sit,
947 1435 1291 1483 occurrendum
1314 1435 1576 1483 discrimini.

45 1522 76 1544 “
98 1517 153 1566 Id
177 1514 356 1564 Othoni
378 1513 658 1572 invidiosius,
682 1524 727 1561 et
749 1512 854 1576 ipsis
877 1513 1174 1560 honestum.’'
1223 1513 1582 1577 Repugnantem

40 1594 151 1644 huic
195 1591 432 1641 sententiae
460 1590 666 1649 Vinium,
706 1591 832 1637 Laco
855 1589 1091 1637 minaciter
1113 1588 1290 1646 invasit,
1322 1590 1582 1638 stimulante

43 1670 184 1730 Icelo,
207 1668 370 1735 privati
393 1667 501 1716 odii³
524 1666 791 1732 pertinacia,
808 1667 857 1715 in
879 1666 1118 1731 pubchm
1141 1666 1347 1714 exitium.

114 1837 193 1878 54.
228 1830 344 1877 Nnc
391 1827 565 1876 diutius
607 1827 760 1876 Galba
783 1836 1039 1884 cunctatus,
1062 1824 1337 1889 speciosiora
1358 1826 1585 1875 suadenti-

45 1910 137 1958 bus
175 1901 376 1955 accessit.
443 1904 713 1954 Praemissus
748 1916 903 1952 tamen
941 1904 989 1951 in
1025 1914 1171 1951 castra
1192 1903 1315 1962 Piso,
1338 1915 1389 1950 ut
1407 1905 1587 1969 juvenis
1634 1922 1641 1932 ¹*

48 2001 219 2051 magno
259 1983 463 2042 nomine,
498 1982 670 2031 recenti
708 1980 883 2041 favore,
923 1993 976 2029 et.
1000 1980 1206 2028 infensus
1228 1981 1286 2027 T.
1312 1980 1478 2041 Vinio;
1505 1999 1587 2030 seu

49 2062 157 2128 quia
195 2072 308 2120 erat,
347 2078 428 2108 seu
470 2060 576 2125 quia
614 2058 714 2107 irati
743 2059 805 2106 ita
842 2059 1090 2107 volebant:
1127 2068 1173 2104 et
1194 2056 1374 2105 facilius
1392 2058 1451 2105 de
1481 2059 1588 2106 odio

51 2138 268 2188 creditur.
337 2138 431 2185 Vix
472 2138 586 2184 dum
622 2152 806 2202 egresso
850 2135 1033 2194 Pisone,
1072 2139 1107 2162 “
1123 2133 1326 2182 occisum
1348 2134 1396 2181 in
1434 2135 1590 2183 castris

49 2221 86 2245 “
110 2215 404 2273 Othonem,”
428 2195 804 2279 vaguffprimflm
828 2223 873 2260 et
890 2212 1092 2260 incertus
1114 2227 1294 2270 rumor,
1313 2228 1444 2270 mox,
1469 2223 1518 2259 ut
1541 2211 1590 2259 in

52 2291 230 2357 magnis
268 2291 532 2350 mendaciis,
574 2289 883 2338 “interfuisse
927 2291 1009 2337 se”
1034 2289 1240 2354 quidam,
1275 2293 1308 2316 “
1324 2300 1368 2336 et
1391 2289 1589 2337 vidisse³⁹

51 2369 373 2426 adfirmabant,
411 2367 602 2416 credula
640 2366 782 2426 fama,
822 2368 940 2415 inter
962 2368 1231 2432 gaudentes,
1255 2377 1299 2414 et
1321 2365 1588 2414 incuriosos.

52 2445 195 2494 Multi
247 2444 583 2492 arbitrabantur
645 2445 953 2508 compositum
1008 2456 1291 2507 auctumque
1334 2459 1591 2502 rumorem,

52 2521 210 2570 mixtis
247 2523 344 2587 jam
385 2521 678 2581 Othonianis,
719 2521 799 2587 qui
834 2523 892 2570 ad
931 2520 1463 2579 evocandumGalbam,
1487 2521 1591 2569 laeta

54 2597 172 2648 falsi>
195 2598 496 2667 vulgaverint.

114 2730 127 2748 ¹
159 2730 309 2769 Furtim
326 2731 529 2781 digressus.
561 2730 669 2768 Otho
689 2731 709 2770 ὲ
729 2745 797 2783 pa·
866 2740 947 2769 tum
969 2745 1038 2783 pro
1057 2733 1200 2769 claudit
1211 2745 1227 2774 ;
1259 2737 1301 2767 nt
1319 2743 1435 2780 supra
1453 2730 1593 2766 Anu-al.

60 2784 156 2823 latio
187 2784 318 2821 furtim
349 2794 432 2822 erat
460 2785 658 2835 digressus„
689 2792 727 2822 et
746 2787 793 2822 ad
870 2797 962 2823 xvx.
982 2790 1047 2824 28.
1065 2793 1144 2823 not.
1174 2784 1238 2822 inf.
1258 2784 1597 2820 vidimusinnum-

62 2839 213 2888 ignaros
232 2838 477 2889 praetorianos
503 2840 543 2876 in
560 2846 686 2877 castra
713 2838 798 2876 illa·
871 2840 942 2876 mis
972 2839 1135 2876 Neronis
1174 2838 1359 2875 IANVM
1390 2836 1595 2874 CLVSlT.

64 2899 140 2932 tus.
921 2889 937 2912 ³
966 2892 1120 2932 Privati
1135 2891 1224 2930 odii.
1253 2891 1297 2927 In
1316 2889 1490 2928 Vinium.

119 2942 138 2962 ²
165 2944 329 2984 Domum
358 2944 492 2985 cludit.
517 2944 691 2998 Antique
719 2944 802 2984 dic·
1462 2948 1467 2952 “
