1760 3210
652 164 657 165 ⁷
673 151 719 196 C.
748 155 1014 195 CORNELII
1041 155 1224 196 TAcrrl

165 164 245 200 322
1416 159 1467 197 A.
1484 158 1534 197 U.
1552 159 1598 199 C.
1616 162 1735 222 833.⁴

173 257 386 314 Anniu‘m
424 257 477 310 'et'
507 254 722 310 Petilium
763 258 994 309 Cerialem
1032 259 1291 324 delegerat)
1327 277 1558 311 summam
1571 262 1713 321 thel}

171 341 344 408 parum
363 340 626 389 tolerarent.
694 338 797 385 Nec
820 337 1123 402 relinquenda
1145 338 1275 386 Urbs
1294 338 1393 386 sine
1413 350 1607 405 rectore.
1619 340 1713 393 AEt

170 411 425 469 Domitiani
463 414 700 463 indomitae
733 413 946 463 libidines
992 414 1301 475 timebantur3
1352 417 1614 480 suspectis,.
1631 415 1712 478 ῥαὶ

171 496 394 554 diximus,
424 493 582 541 Primo
606 491 830 551 Antonio,
866 494 1083 556 Varoque
1117 492 1274 540 Arrio.
1344 494 1512 552 Varus,
1545 481 1713 557 prae’tof

170 573 308 629 rianis
330 570 619 636 praepositus,
653 569 746 616 vim
768 581 905 634 atque
928 586 1054 618 arma
1082 570 1319 618 retinebat.
1387 571 1511 618 Eum
1534 559 1712 621 Musia-

103 690 107 695 ,
170 668 277 709 nus,
310 649 497 713 pulsum
519 647 643 706 loco,
675 663 735 694 ne
759 647 854 694 sine
872 645 1030 694 solatio
1053 659 1227 711 ageret,
1251 663 1448 695 annonae
1470 642 1711 710 praestitit.¹

172 728 336 792 thue
357 718 610 774 Domitiani
646 723 869 782 animum,
905 725 1029 771 Varo
1067 724 1192 771 haud
1230 724 1448 784 alienum,
1483 724 1711 784 deliniret,

169 803 445 855 Arretinum
463 802 792 860 Clementem,²
827 800 986 849 domui
1010 800 1272 866 Vespasiani
1295 819 1378 867 per
1399 802 1684 852 adfinitatem
1692 791 1713 855 ³,

167 882 411 940 innexum,
433 891 479 928 et
501 879 809 946 gratissimum
831 878 1117 938 Domitiano,
1135 879 1418 944 praetorianis
1440 879 1710 944 praeposuit,

172 964 207 988 “
240 970 419 1024 patrem
441 960 539 1023 ejus
561 958 647 1005 sub
673 957 787 1005 Caio
813 959 1029 1006 Caesare4
1051 957 1236 1023 egregie
1260 957 1474 1005 functum
1487 956 1543 1005 ea
1559 955 1709 1006 curi?

169 1035 392 1085 dictitans.
462 1039 495 1063 “
519 1037 703 1083 Laetum
741 1034 959 1083 militibus
981 1035 1104 1083 idem
1126 1051 1326 1083 nomen:
1364 1047 1501 1099 atque
1538 1034 1709 1098 ipsum,

95 1111 97 1113 ’
169 1119 204 1142 “
228 1119 512 1178 quamquam*
523 1113 733 1161 senatorii
751 1113 958 1172 ordinis,5
976 1115 1033 1160 ad
1058 1103 1252 1177 utraque
1267 1112 1425 1160 munia
1446 1111 1707 1172 sufficet-est?

168 1192 498 1240 Adsumuntur
512 1189 538 1237 ὲ
563 1189 740 1239 civitate
763 1190 1037 1238 clarissimus
1061 1190 1278 1255 quisque;
1305 1201 1349 1238 et
1372 1189 1445 1237 alii
1467 1205 1551 1252 per
1566 1187 1708 1237 ambi·

167 1268 366 1316 tionem.
425 1266 572 1316 Simul
612 1267 906 1316 Domitianus
950 1268 1289 1332 Mucianusque
1333 1266 1707 1333 accingebantur,

166 1344 338 1412 dispari
371 1344 554 1393 animo:
591 1344 685 1403 ille,
719 1361 800 1409 spe
829 1361 882 1392 ac
908 1343 1099 1410 juventa
1134 1360 1359 1409 properus
1375 1363 1390 1403 3
1426 1343 1519 1403 hic,
1553 1356 1707 1392 moras

163 1423 372 1482 nectens,
412 1422 542 1488 q'ueis
579 1422 850 1488 flagrantem
871 1421 1122 1480 ·retineret,
1155 1438 1215 1470 ne
1254 1419 1428 1469 ferocia
1467 1420 1628 1479 aetatis,
1659 1430 1707 1470 et

160 1499 311 1568 pravis
345 1499 690 1564 impulsoribus,
723 1499 760 1548 si
784 1499 1040 1549 exercitum
1073 1499 1321 1558 invasisset,
1355 1497 1456 1562 paci
1483 1497 1708 1562 belloque.

163 1575 287 1645 'male
310 1578 583 1626 consuleret.
640 1577 870 1643 Legiones
891 1575 1115 1636 victrices,
1131 1587 1261 1624 sexta
1281 1587 1327 1623 et
1348 1571 1545 1634 octava‚⁶
1565 1574 1709 1626 Vitelr
1739 1571 1742 1574 ’

159 1654 385 1704 lianarum
402 1654 783 1713 unaetvicesima,
802 1654 829 1702 ὲ
852 1670 1013 1703 recens
1036 1641 1302 1717 conscriptis
1326 1652 1545 1711 secunda,
1567 1644 1701 1701 Peni-

159 1730 231 1779 nis
254 1732 569 1798 Cottianisque
583 1737 598 1763 ⁷
623 1733 839 1796 Alpibus,
862 1740 967 1796 pars
989 1745 1147 1780 monte
1172 1728 1357 1789 Grai0,⁸
1379 1730 1701 1778 traducuntur.
1748 1759 1751 1761 -

165 1810 523 1875 Quartadecima
545 1810 666 1875 legio
690 1810 716 1860 ὲ
736 1810 990 1876 Britannia,
1024 1816 1153 1858 sexta
1175 1826 1227 1857 ac
1259 1808 1438 1856 decima
1458 1824 1521 1855 ex
1541 1805 1706 1870 Hispa-

163 1884 240 1934 nia
262 1887 434 1935 accitae.
503 1888 649 1953 Igitur
670 1887 891 1936 venientis
907 1886 1142 1935 exercitus
1158 1884 1300 1944 fama,
1334 1896 1379 1933 et
1400 1894 1563 1948 suopte
1578 1882 1706 1948 inge-

163 1961 241 2011 nio
279 1964 338 2012 ad
373 1964 554 2013 mitiora
586 1965 853 2014 inclinantes
892 1964 1153 2014 Galliarum
1191 1962 1408 2020 civitates,
1440 1961 1489 2009 in
1526 1959 1704 2008 Remos

163 2138 167 2145 ’
218 2129 232 2146 ¹
273 2131 443 2170 Armonae
474 2133 660 2186 proeficit.
716 2135 777 2172 Dc
819 2133 894 2174 hac
967 2145 1160 2184 numquam
1194 2132 1243 2170 ad
1274 2131 1316 2168 id
1346 2135 1500 2179 tempus,
1544 2127 1619 2179 nis}
1657 2126 1704 2165 ab

161 2184 391 2234 praefectura
408 2187 556 2225 dictum
573 2201 690 2238 supra
709 2184 848 2227 A‘nnal.
864 2201 895 2228 1.

162 2240 200 2282 7.
217 2244 255 2276 et
274 2250 375 2277 XIII.
400 2244 465 2279 22.

216 2287 235 2306 ²
274 2292 498 2332 Arretinum
543 2294 775 2333 Clementem.
833 2296 894 2333 De

161 2356 239 2394 quo
271 2345 384 2396 plura
417 2348 457 2386 in
484 2354 563 2386 not.
597 2356 635 2386 ct
664 2349 810 2386 emend.
844 2349 892 2387 ad

162 2398 264 2436 Hist.
284 2411 343 2438 1v.
363 2398 429 2439 68.
484 2402 683 2440 Arretinus
701 2402 796 2440 forte
815 2403 895 2441 dic·

159 2454 221 2489 'tus
239 2460 295 2490 est
312 2455 361 2492 ab
380 2456 545 2502 Arretio,
572 2469 675 2494 nunc
694 2457 851 2495 Arezzo.

214 2501 229 2524 ³
249 2506 508 2556 Affinitatem.
532 2507 536 2511 ”
554 2511 617 2547 Ab
635 2509 680 2547 ea
697 2509 892 2548 adfinitate

159 2560 450 2610 'cognomentum
466 2563 656 2614 accepisse
670 2564 820 2601 videtur
829 2561 894 2601 Ti-

159 2618 220 2663 ¹tus
241 2613 394 2652 Flavius
412 2615 599 2655 Clemens.
655 2617 755 2654 Vide
771 2617 892 2654 Stem-

158 2678 224 2704 ma
243 2666 463 2706 Flaviorum
483 2670 522 2708 in
539 2677 617 2709 not.
629 2675 667 2708 et
677 2670 824 2709 emend.
841 2671 890 2708 ad

159 2718 262 2758 Hist.
282 2733 313 2759 1.
330 2718 396 2760 46.

155 2774 158 2778 ’
209 2770 231 2794 ⁴
250 2773 341 2812 Caio
361 2775 519 2814 Caesare.
576 2775 774 2827 Caligula.

211 2825 226 2847 ⁵
250 2826 443 2868 Senatorii
460 2830 616 2868 ordinis.
671 2832 786 2869 Errat
803 2830 891 2881 crgo

157 2880 363 2920 Suetonius
376 2882 415 2920 in
428 2882 507 2921 Tit.
527 2896 587 2922 vi.
616 2882 892 2932 Pro-secturam

155 2935 295 2989 qaoque
332 2933 509 2990 praetorii
554 2938 717 2989 suscepit
765 2937 890 2986 Titus,

967 2188 1089 2239 equite
1096 2187 1261 2224 Romano
1269 2183 1581 2222 administratam.
1603 2181 1702 2219 Eam

961 2243 1044 2292 jam
1062 2240 1387 2278 administraverat
1405 2235 1580 2275 Clemens
1595 2246 1704 2272 sena—

968 2295 1055 2334 torii
1072 2294 1227 2332 ordinis.
1440 2331 1442 2333 ,
1510 2319 1515 2322 -
1691 2312 1693 2320 ψ

1020 2345 1038 2366 ⁶
1066 2347 1181 2385 Sexta
1197 2353 1235 2384 et
1251 2351 1398 2384 octava.
1454 2343 1517 2381 De
1543 2342 1603 2380 his
1621 2354 1703 2380 om—

966 2402 1079 2439 nibus
1090 2401 1302 2451 legionibus
1315 2398 1399 2436 vide
1412 2402 1490 2434 not.
1501 2401 1540 2433 ct
1552 2395 1701 2434 emend.

967 2456 1015 2492 ad
1036 2455 1137 2493 nist.
1160 2466 1208 2491 11.
1227 2451 1266 2491 6.
1308 2451 1485 2489 Secunda
1501 2457 1631 2488 autem
1649 2449 1705 2487 le-

965 2510 1026 2559 gio
1043 2516 1099 2546 cst
1115 2508 1284 2546 secunda
1301 2504 1488 2555 adjutrix.
1635 2513 1641 2519 ·

1019 2560 1033 2582 ⁷
1062 2561 1214 2600 Pem'nis
1233 2558 1503 2608 Cottianisque.
1548 2555 1701 2596 Peninoe

966 2615 1097 2666 Alpes,
1124 2627 1227 2652 nunc
1259 2614 1321 2651 the
1345 2623 1505 2665 passage
1522 2610 1572 2664 of
1586 2616 1702 2662 grene

964 2668 1024 2706 St.
1044 2669 1222 2707 Bernarcl
1232 2683 1245 2706 .·
1278 2666 1479 2710 Cottianae,
1502 2675 1609 2703 nunc
1639 2663 1703 2703 tlte
1733 2711 1739 2716 ⁴

958 2736 1118 2774 passage
1135 2722 1184 2774 ⁰f
1204 2720 1393 2770 Brianfon
1410 2724 1453 2757 at
1470 2717 1584 2756 Suza.
1638 2716 1702 2756 De

965 2776 1022 2814 his
1039 2777 1153 2828 plura
1167 2775 1254 2812 vide
1271 2785 1389 2824 supra
1409 2772 1512 2811 Hist.
1531 2783 1563 2809 1.
1579 2767 1642 2810 61¹.
1685 2812 1687 2814 ,
1748 2818 1754 2831 ι

1019 2826 1034 2848 ⁸
1066 2829 1200 2867 Monte
1218 2828 1354 2866 Graio.
1409 2825 1525 2864 Mons
1543 2822 1702 2871 δαίμ,
1722 2831 1723 2834 ’

965 2896 1028 2920 :tu
1058 2883 1176 2934 Alpes
1206 2881 1350 2929 Graiae,
1376 2891 1494 2919 nunc·
1532 2878 1540 2886 '
1595 2877 1700 2928 fi&-

963 2936 1151 2975 Bernard.
1565 2933 1584 2966 ι’
1625 2940 1635 2950 “
