1786 3204
205 153 285 188 124
533 151 555 181 ,’
688 144 753 184 C„
773 142 1041 184 CORNELI]
1069 144 1263 186 TACITI'
1443 149 1512 188 Ἀ.
1528 148 1649 199 U.,C·
1665 155 1761 195 822:

200 253 316 311 dias,
389 265 449 299 an
494 247 826 314 proditionem,
876 247 952 296 vel
997 248 1186 313 aliquod
1225 250 1474 301 honestum
1496 253 1757 307 “consilium

198 315 523 395 coeptaverins.
584 326 790 385 Caecina,
810 325 1019 375 ¹dimissis
1041 327 1255 388 tribunis,
1287 341 1500 395 revectus
1519 330 1570 380 in
1589 342 1764 393 castr&

200 410 381 467 datum,
423 408 555 471 jussu
599 404 727 453 Fabii
778 405 1003 464 Valentis,
1037 422 1211 471 pugnae
1242 405 1447 472 signum,
1482 419 1530 457 et
1561 409 1757 463 militem

197 486 247 534 in
270 485 410 533 armis
444 482 632 531 invenit.
702 483 837 530 Dum
860 482 1067 548 legiones
1094 484 1154 532 de
1193 483 1357 534 ordine
1380 485 1587 551 agminis
1622 488 1761 558 sorti-1,

197 575 360 622 untur,
403 561 578 626 equites
622 575 905 625 prorupere:
940 572 1002 620 et,
1037 561 1210 609 mirum
1233 550 1433 622 dictu,
1412 580 1440 612 a
1461 554 1759 628 paucioribus

198 639 496 699 Othonianis,
543 638 799 703 quominus
842 638 891 686 in
946 638 1122 686 vallum
1156 638 1541 709 impingerentur,
1585 642 1756 696 Italicae

197 718 393 784 legionis
443 718 612 765 virtute
664 717 869 765 deterriti
919 728 1059 766 sunt:
1117 734 1188 778 ea,
1223 717 1389 769 strictis
1432 720 1756 781 mucronibus,-

198 796 351 844 redire
391 795 566 860 pulsos,
618 806 663 842 et
714 811 923 859 pugnam
969 812 1208 844 resumere
1260 796 1427 862 coegit.
1508 797 1757 863 Disposita

198 874 551 922 Vitellianarum
592 873 830 939 legionum
866 873 1001 932 acies,
1049 874 1147 922 sine
1190 873 1515 939 trepidatione:
1565 875 1761 937 etenim,

199 943 486 1016 quamquam
523 950 673 998 vicino
697 950 847 1010 hoste,
881 962 1093 1015 aspectus
1114 968 1355 1004 armorum
1378 952 1530 1003 densis
1558 953 1761 1007 arbustis

197 1016 555 1095 prohibebatur:
613 1029 747 1092 apud*
810 1029 1121 1089 Othonianos,
1176 1029 1329 1094 pavidi
1389 1032 1549 1106 duces,
1621 1031 1759 1086 miles

199 1108 395 1158 ducibus
439 1105 663 1165 infensus,
715 1105 861 1154 mixta
911 1107 1124 1156 vehicula
1149 1119 1206 1156 et
1243 1107 1371 1168 lixae,
1421 1113 1469 1159 et
1506 1109 1759 1176 praeruptis

198 1186 435 1249 utrimque
450 1183 600 1243 fossis,
623 1184 696 1232 via
709 1184 868 1249 quieto
883 1202 1072 1250 quoque
1085 1185 1257 1252 agmini
1271 1197 1480 1253 angusta.
1537 1177 1766 1241 Circum-⁴

199 1264 359 1313 sistere
375 1262 449 1310 alii
463 1261 593 1329 signa
615 1279 714 1320 sua,
748 1279 960 1326 quaerere
977 1262 1081 1314 alii:
1110 1263 1315 1316 incertus
1326 1263 1540 1330 undique
1557 1265 1763 1326 clamor,

199 1339 566 1399 adcurrentium,
613 1339 943 1388 vocitantium:
997 1351 1060 1400 et,
1117 1352 1170 1389 ut
1204 1342 1372 1407 cuique
1420 1342 1627 1402 audacia,
1675 1342 1755 1401 vel

199 1419 422 1478 formido,
456 1417 504 1466 in
526 1418 724 1482 primam
746 1429 1085 1490 postremamve
1099 1418 1245 1470 aciem
1258 1419 1644 1486 prorumpebant,
1676 1420 1752 1470 vel

201 1497 559 1548 revehebantur.

267 1662 351 1707 42.
387 1657 709 1703 ATToNrrA's
733 1654 886 1704 subito
907 1665 1085 1704 terrore
1107 1650 1304 1716 mentes,
1336 1655 1507 1707 falsum
1527 1654 1752 1724 gaudium

201 1732 251 1782 in
286 1734 562 1798 languorem
601 1733 753 1793 vertit,
787 1734 997 1799 repertis,
1030 1734 1112 1799 qui
1145 1740 1175 1763 “
1211 1735 1452 1784 descivisse
1497 1734 1525 1783 a
1564 1734 1752 1789 Vitellio

205 1816 235 1837 “
269 1800 567 1859 exercitum’'
603 1812 949 1862 ementirentur.
1018 1814 1062 1861 Is
1088 1829 1269 1872 rumor,
1300 1815 1357 1861 ab
1376 1804 1755 1879 exploratoribus}

200 1890 389 1943 Vitellii,
407 1890 656 1954 dispersus,
690 1907 750 1938 an
784 1891 833 1940 in
861 1890 961 1956 ipsa
997 1891 1198 1941 Othonis
1220 1903 1368 1957 parte,
1401 1908 1483 1940 seu
1505 1891 1634 1961 dolo,
1647 1907 1755 1946 {sea

199 1967 322 2016 torte
342 1970 354 1988 ¹
398 1967 669 2028 surrexerit,
726 1958 898 2038 parum
950 1981 1259 2037 compertum.
1345 1969 1536 2022 Omisso.
1550 1979 1758 2040 ..pugnas

198 2046 383 2104 ardore,
426 2046 680 2094 Othoniani
724 2048 849 2096 ultro
894 2049 1178 2098 salutavere:
1215 2059 1263 2097 et
1307 2047 1461 2096 hostili
1506 2047 1750 2098 murmure

199 2123 420 2187 excepti,
439 2123 671 2188 plerisque
709 2142 904 2174 suorum
933 2126 1140 2191 ignaris,²
1181 2143 1289 2191 quae
1325 2141 1463 2175 causa
1505 2124 1750 2185 salutandi,

199 2207 380 2248 metum
415 2201 685 2265 proditionis
722 2202 890 2252 fecere.
959 2206 1087 2252 Tum
1122 2203 1332 2254 incubuit
1366 2199 1572 2251 hostium
1611 2202 1749 2263 acies,

199 2276 389 2343 integris
406 2278 661 2338 ordinibus,
678 2282 849 2329 robore
864 2292 909 2329 et
924 2295 1122 2331 numero
1140 2281 1443 2347 praestantior.
1478 2278 1753 2342 Othoniani,

201 2371 485 2419 quamquam
508 2352 718 2419 d1spersi,
741 2358 998 2421 pauciores,
1021 2359 1146 2421 fessi,
1169 2359 1384 2425 praelium
1407 2370 1563 2406 tamen
1582 2357 1752 2420 acriter

200 2435 435 2480 sumsere:
474 2444 519 2480 et
553 2450 637 2496 per
659 2434 804 2494 locos,
838 2437 1081 2486 arboribus
1110 2454 1163 2487 ac
1194 2436 1338 2489 vineis
1359 2434 1641 2500 impeditos,
1647 2428 1754 2506 noh

201 2524 293 2564 una
316 2526 487 2576 pugnae
508 2509 676 2561 facies:
710 2513 944 2575 cominUS,
966 2515 1262 2581 eminusque,
1293 2513 1497 2563 catervis
1507 2524 1553 2562 et
1573 2526 1756 2583 cuneus,

257 2662 376 2702 ¹5ea
409 2664 506 2713 dolo,
539 2681 603 2706 scu
621 2669 749 2720 forte.
789 2670 938 2709 Dolum
1009 2685 1052 2710 ex
1069 2672 1211 2722 ἱηιρνοι
1206 2671 1284 2719 iso,
1315 2676 1427 2722 atque
1445 2671 1485 2708 in
1510 2667 1594 2721 zpsd
1618 2681 1753 2712 coma·
1761 2703 1765 2705 .

201 2719 329 2757 innuit
365 2719 571 2759 Suetonius
604 2724 642 2760 in
677 2724 844 2772 Othone,
873 2737 937 2764 rx.
1010 2727 1197 2765 lutatione
1216 2726 1464 2764 dammandum
1468 2724 1630 2785 sumet

203 2772 249 2812 N
250 2785 420 2810 ozmzmo
440 2789 471 2811 m
476 2775 537 2812 axi
538 2789 665 2827 noque
683 2778 814 2828 praelio
839 2779 940 2829 apud
1062 2777 1134 2818 ²³1
1137 2779 1296 2829 [erisque
1313 2792 1463 2816 suorum
1482 2776 1640 2838 ignaris.
1663 2776 1751 2827 Ple-

201 2825 429 2868 Bedriacum
451 2830 599 2879 siaude
625 2837 823 2880 superatus
854 2839 935 2872 est:
985 2832 1138 2885 risque
1155 2832 1454 2871 Vitellianorum
1483 2830 1634 2882 ignaris,
1657 2843 1745 2882 quae

201 2880 283 2919 cizm
312 2894 375 2929 spe
406 2882 581 2933 colloquiz
595 2884 728 2935 jacta,
757 2886 863 2935 qnasi
890 2888 940 2925 ad
1009 2896 1105 2925 esset
1121 2899 1240 2925 causa
1260 2885 1467 2931 salutandi,
1495 2893 1640 2925 metum
1660 2896 1750 2937 pm·

201 2933 446 2976 conditionem
458 2936 566 2987 pacis
584 2938 763 2981 militibus
779 2941 939 2989 eductis,
1009 2940 1164 2979 ditionis
1186 2940 1309 3005 fecere
1329 2939 1566 2979 Othoniani.
