1786 3204
182 153 264 193 204
733 144 782 184 C.
811 142 1079 185 CORNELII
1107 144 1293 185 TACITI
1456 149 1508 189 A.
1521 148 1573 191 U.
1583 150 1630 190 C.
1643 151 1738 205 ⁸2²*

179 248 558 318 oppugnantibus
605 246 956 297 incitamentum
1000 246 1081 297 ob'
1107 249 1324 314 praedam:
1359 261 1470 300 erat.
1540 256 1575 282 “
1613 253 1738 321 Περὶ

181 320 213 362 ‘T‘
234 329 406 396 ignes''
432 327 685 386 Antonius,
730 324 1037 391 “inferrique
1075 327 1395 391 amoenissimis
1416 341 1550 380 extra
1569 332 1741 386 urbem

178 412 214 437 “
238 406 484 456 aedificiis''
504 406 663 471 jubet;
689 403 726 452 si
744 404 916 453 damno
933 421 1094 454 rerum
1111 423 1301 456 suarum
1318 408 1658 473 Cremonenses
1677 409 1739 460 ad

176 485 449 534 mutandam
488 483 631 531 fidem
670 482 993 531 traherentur:
1030 473 1292 549 propinqua
1330 485 1475 535 muris
1514 496 1652 547 tecta,
1685 498 1737 537 et

176 563 467 629 altitudinem
506 560 737 610 moenium
776 578 976 627 egressa,
1023 558 1274 610 fortissimo
1311 580 1501 629 quoque
1535 563 1737 615 militum

177 641 411 706 complet:
448 640 514 689 illi
537 639 761 700 trabibuS,
794 639 1075 706 tegulisque,
1102 651 1149 690 et
1168 639 1345 692 facibus
1366 654 1739 709 propugnatores

179 720 443 768 deturbant.
535 719 537 724 ’
1639 761 1642 764 ,
1693 762 1716 787 s.

246 884 327 924 31.
363 877 470 925 JAM
510 873 716 940 legiones
751 872 800 921 in
837 872 1115 922 testudinem
1152 874 1546 939 glomerabantur,
1581 876 1737 929 etalii

177 971 290 1003 saxa
318 954 502 1018 telaque
537 951 837 1010 incutiebant,
873 950 990 1021 cum
1023 951 1321 1016 languescere
1350 953 1571 1017 paulatim
1593 953 1749 1006 Vitel-

177 1024 409 1084 lianorum
431 1029 586 1078 animi.
657 1031 729 1077 Ut
750 1029 947 1095 quisque
968 1029 1132 1078 ordine
1155 1030 1371 1091 anteibat,
1399 1019 1570 1082 cedere
1588 1018 1738 1088 form-⁷

177 1126 281 1173 nae:
333 1126 411 1169 ne,
464 1106 702 1158 Cremona
761 1124 950 1173 quoque
1010 1107 1183 1168 excisa,
1234 1108 1362 1156 nulla
1417 1109 1540 1159 ultra
1585 1109 1737 1170 venia,

178 1187 423 1252 omnisque
445 1186 513 1234 ira
535 1185 738 1250 victoris,
772 1201 869 1233 non
890 1184 940 1231 in
962 1185 1132 1251 vulgus
1163 1185 1314 1251 inops,
1349 1187 1430 1235 sed
1451 1186 1500 1235 in
1526 1175 1738 1242 tribunos

175 1266 580 1330 centurionesque,
604 1264 684 1311 ubi
707 1263 909 1328 pretium
932 1264 1072 1314 caedis
1095 1275 1208 1324 erat,
1231 1276 1556 1316 reverteretur.
1613 1255 1734 1331 Gr‘e-

178 1344 334 1410 garius
358 1343 509 1402 miles,
538 1341 685 1390 futuri
708 1359 884 1400 socors,
908 1352 954 1389 et
974 1341 1260 1410 ignobilitate
1283 1342 1442 1403 tutior,
1475 1331 1734 1408 perstabat}

177 1422 282 1488 vagi
320 1438 404 1487 per
439 1421 551 1481 vias,
586 1421 634 1469 in
670 1421 887 1471 domibus
923 1420 1083 1480 abditi,
1116 1437 1277 1485 pacem
1313 1437 1373 1469 ne
1408 1431 1510 1469 tum
1547 1420 1738 1486 quidem

176 1502 390 1559 orabant,
448 1499 563 1551 cum
607 1499 786 1548 bellum
830 1499 1102 1563 posuissent.
1180 1499 1415 1551 Primores
1460 1510 1737 1563 castrorum,

178 1594 354 1627 nomen
390 1589 529 1643 atque
559 1577 783 1643 imagines
805 1577 977 1626 Vitellii
995 1580 1007 1599 ¹
1031 1577 1345 1631 amoliuntur:
1383 1588 1565 1631 catenas
1589 1576 1737 1627 Caeci-

178 1672 252 1705 nae
278 1657 411 1722 (narn
434 1643 571 1704 etiam
593 1666 696 1703 tum
718 1655 899 1705 vinctus
921 1654 1043 1718 erat)
1067 1655 1333 1715 exsolvunt,
1356 1667 1600 1720 orantque,
1629 1660 1664 1683 “
1683 1666 1737 1720 ut

179 1737 214 1762 ‘⁶
239 1751 390 1782 causae
413 1751 510 1782 suae
529 1734 803 1798 deprecator-
825 1734 1069 1783 adsistat:'’
1095 1736 1437 1799 Aspernantem
1460 1744 1738 1786 tumentem-

179 1814 309 1876 que,²
344 1811 559 1878 lacrymis
580 1811 788 1878 fatigant.
837 1813 1120 1860 Extremum
1143 1811 1392 1870 malorum,
1413 1821 1482 1858 tot
1503 1808 1738 1863 fortissimi

177 1889 281 1949 viri,
305 1890 552 1956 proditoris
577 1907 717 1955 opem
739 1889 1027 1943 invocantes:
1054 1907 1168 1937 mox
1185 1889 1444 1941 velamenta
1465 1900 1511 1936 et
1531 1887 1736 1951 infulas,³

179 1984 267 2033 pro
297 1968 443 2017 muris
466 1956 710 2017 ostentant.
783 1969 917 2017 Cum
939 1967 1175 2022 Antonius
1211 1972 1244 1994 ‘⁶
1267 1966 1465 2016 inhiberi
1486 1966 1621 2017 tela''
1639 1968 1736 2034 jus-

177 2045 324 2104 sisset,
343 2046 472 2112 signa
485 2046 751 2112 aquilasque
775 2046 1009 2094 extulere:
1036 2050 1262 2095 moestum*
1274 2043 1524 2114 inermium
1546 2048 1734 2111 agmen,

179 2122 366 2190 dejectis
409 2123 458 2171 in
504 2135 676 2173 terram
729 2124 894 2184 oculis,
950 2124 1244 2188 sequebatur.
1338 2121 1737 2176 Circumstiterant

180 2200 395 2261 victores,
415 2213 460 2249 et
476 2202 631 2266 primo
646 2202 918 2268 ingerebant
941 2203 1129 2267 probra,
1147 2200 1430 2248 intentabant
1450 2199 1597 2248 ictus:
1622 2215 1736 2249 mox

179 2290 232 2326 ut
253 2279 452 2343 praeberi
477 2297 558 2328 ora
581 2280 888 2339 contumeliis,
924 2291 987 2338 et,
1021 2277 1169 2343 posita
1192 2278 1320 2327 omni
1341 2275 1535 2335 ferocia,
1570 2279 1737 2328 cuncta
1762 2284 1773 2292 ²

179 2355 287 2404 victi
329 2357 637 2422 patiebantur,
685 2358 807 2405 subit
846 2357 1123 2416 recordatio,
1168 2357 1272 2404 illos
1311 2373 1427 2414 esse,
1469 2354 1549 2420 qui
1587 2369 1738 2420 nuper

178 2433 391 2483 Bebriaci
413 2435 617 2484 victoriae
640 2433 988 2499 temperassent.
1058 2435 1152 2483 Sed
1175 2434 1254 2482 ubi
1280 2433 1484 2492 Caecina,
1510 2429 1738 2497 praetextfi

179 2509 509 2578 lictoribusque
536 2513 743 2579 insignis,
778 2513 955 2561 dimota
984 2512 1141 2572 turba,
1176 2511 1338 2561 consul
1371 2510 1570 2570 incessit,
1605 2525 1737 2559 exar-

179 2604 281 2642 sere
303 2589 529 2639 victores:
569 2595 602 2618 ‘⁶
625 2589 907 2656 superbiam,
931 2590 1285 2655 saevitiamque”
1312 2588 1456 2654 (adeo
1477 2587 1621 2641 invisa
1642 2603 1771 2675 scae

238 2765 252 2786 ¹
284 2768 475 2820 Imagines
497 2768 657 2809 Vitellii.
714 2770 837 2822 Signis
866 2770 924 2810 in·
1050 2768 1068 2788 ²
1100 2757 1402 2819 Tunzentemque‚'
1455 2767 1517 2805 Dc
1544 2765 1620 2807 huc
1642 2778 1738 2805 voce

181 2821 368 2874 scriptum
405 2835 556 2870 nomen,
594 2825 803 2875 affixasque
831 2826 928 2863 ima·
992 2826 1076 2876 jam
1097 2824 1246 2861 dictum
1266 2835 1380 2874 supra
1403 2821 1505 2860 Hist.
1522 2833 1574 2859 u.
1593 2824 1660 2860 32.

182 2876 286 2929 gines
324 2876 474 2915 Vitellii
520 2878 773 2917 amoliuntur.
833 2880 927 2919 Inde
1052 2873 1067 2897 ³
1100 2877 1317 2915 Velamenta
1353 2883 1390 2915 et
1424 2874 1579 2928 infulas,
1634 2874 1737 2920 Vide

184 2943 275 2969 mox
296 2929 407 2983 signa
427 2932 646 2984 aquilasque
664 2933 845 2973 extulere.
997 2945 1115 2986 supra
1134 2931 1236 2972 nist.
1255 2943 1285 2973 1,
1300 2926 1369 2971 66.
