2210 3978
243 102 347 155 646
751 104 956 155 NOTAE
993 104 1079 154 ET
1113 103 1671 156 EMENDATIONES

404 652 521 707 DE
561 647 1081 715 AEGYPTIACA,
1104 605 1598 700 JUDAEORUM
1635 646 2017 704 ORIGINE.

332 963 654 1026 AEGYP'rn,
693 952 963 1031 splendore
996 950 1229 1028 imperii(
1258 959 1444 1011 artium
1483 959 1874 1027 inventionibuS,
1909 961 2184 1017 maximam

258 1054 476 1108 nominis
526 1053 605 1106 sui
650 1055 839 1105 famam
880 1051 1180 1104 excitavere.
1257 1051 1383 1104 Hsic
1427 1050 1593 1121 gloria
1637 1054 1848 1123 superbi
1892 1074 1944 1106 se
1991 1054 2186 1124 primos

257 1147 526 1201 hominum
559 1166 669 1200 esse
694 1145 1088 1209 contendebant,
1114 1154 1172 1196 ut
1197 1141 1446 1197 testantur
1478 1144 1744 1198 Diodorus
1772 1146 1993 1213 Siculus»,
2031 1165 2071 1199 1.
2105 1153 2187 1201 10.

258 1260 313 1311 p.
353 1242 405 1294 6.
449 1239 638 1309 aliique
687 1236 914 1308 plurimi.
987 1235 1116 1289 Inde
1159 1256 1214 1289 se
1259 1236 1565 1290 Judaeorum
1609 1238 1961 1308 progenitores
1997 1239 2188 1294 dixere.

262 1331 508 1387 Recentis
547 1329 801 1384 mendacii
843 1329 1118 1382 vanitatem
1153 1329 1334 1399 retegit
1369 1349 1560 1383 novum
1593 1330 1947 1399 Hierosolymi
1981 1350 2188 1399 nomen,

183 1473 200 1486 ,
260 1445 357 1479 nec
375 1424 474 1478 nisi
493 1423 708 1478 conditis
733 1421 1116 1491 Hierosolymis
1143 1433 1429 1492 repertum:
1456 1422 1667 1494 ipseque
1685 1424 1721 1478 J
1727 1425 1824 1476 uda
1842 1423 1991 1477 Isidis
2010 1444 2192 1495 regno,

259 1517 342 1572 vel
361 1517 566 1584 fabulis,
586 1515 796 1569 minime
816 1514 1043 1587 aequalis.
1119 1514 1311 1586 Neque
1337 1534 1600 1587 umquam,
1620 1527 1679 1569 ut
1699 1516 1863 1586 gentis
1887 1537 1990 1571 suae
2014 1517 2193 1575 condi-

260 1618 445 1679 torem,
485 1612 680 1666 Judam
708 1593 927 1663 'coluere
973 1608 1009 1663 J
1015 1608 1164 1675 udaei‚
1213 1610 1354 1679 quod
1394 1609 1546 1662 tradit
1581 1609 1833 1677 Justinus,
1875 1628 2101 1663 xxxw.
2136 1618 2190 1664 2.

260 1705 636 1777 Antiquissima
671 1713 846 1757 autem
883 1700 980 1754 fuit
1003 1700 1372 1772 AEgyptiorum
1409 1722 1552 1772 gens,
1577 1711 1628 1755 et
1662 1701 1714 1754 in
1745 1690 2192 1773 opulentissimum

260 1797 535 1869 imperium
574 1798 949 1862 adsurrexerat,
990 1794 1110 1847 cum
1149 1814 1229 1847 res
1266 1794 1303 1849 J
1309 1795 1571 1847 udaeorum
1597 1796 1763 1848 adhuc
1801 1806 1969 1849 essent
2002 1795 2194 1849 tenuis-

177 1918 189 1931 ·-
262 1891 423 1945 simae.
497 1888 736 1960 AEgyptii
762 1897 935 1941 tamen
958 1886 1175 1953 Judaeis,
1204 1886 1347 1940 Semi
1371 1886 1610 1958 posteris,
1633 1887 1826 1958 origine
1850 1887 2158 1959 posteriores
2174 1909 2190 1941 ε

268 1982 640 2054 AEgyptiorum
664 1981 801 2035 enim
841 2000 1023 2051 parens
1061 1979 1333 2046 Mesraim‚
1359 1981 1607 2033 secundus
1646 1980 2022 2048 Chamifilius3
2057 1981 2194 2034 unde

265 2079 406 2150 apud
429 2074 722 2131 Orientales
757 2072 985 2145 populos
1008 2073 1252 2144 ipsosque
1279 2073 1560 2144 AEgyptios
1586 2083 1639 2127 et
1675 2073 1875 2144 Coptas
1900 2072 2195 2145 pervulgata

264 2151 486 2240 AEgypti
530 2168 757 2234 nomina,
801 2160 1003 2233 Μεὲνα,
1047 2165 1322 2231 IVIesraim‚
1360 2175 1414 2218 et
1456 2165 1689 2221 Chemia.
1762 2167 1903 2220 Vide
1937 2165 2192 2220 eruditum

267 2261 566 2330 Kirkerum,
592 2267 629 2294 “
656 2260 890 2331 OEdipus
919 2258 1312 2329 AEgyptiacus.”
1338 2259 1456 2312 Vol.
1481 2278 1521 2312 1.
1546 2279 1602 2330 p.
1626 2266 1661 2313 2
1686 2272 1737 2312 et
1760 2279 1869 2330 seq.

222 2425 226 2430 Ι
342 2354 645 2427 AEtlziopum
681 2352 900 2427 prolem.
974 2351 1289 2424 AEthiopicae
1322 2349 1484 2425 hujus
1522 2351 1728 2422 originis
1752 2371 1955 2418 causas
1994 2351 2195 2424 aperire

264 2448 416 2505 facile
438 2458 533 2503 est.

429 3005 551 3061 DE
591 3002 1085 3061 AETHIOPICA
1125 2998 1631 3059 JUDAEORUM
1655 3000 2038 3082 ORIGINE.

345 3301 698 3357 AETHIOPES
739 3321 908 3355 rerum
954 3300 1080 3354 olim
1128 3300 1282 3371 potiti
1318 3310 1467 3381 ειιῐιῒ,μ
1488 3300 1652 3371 iisque
1692 3299 1864 3361 serviit
1901 3300 2191 3372 AEgyptusz

269 3392 386 3447 illos
435 3413 644 3467 quoque
703 3400 737 3427 “
766 3395 924 3464 Syriae
976 3393 1316 3463 imperitasse,
1364 3403 1511 3447 aetate
1558 3392 1688 3463 regis
1741 3392 1940 3464 Cephei
1953 3392 1982 3416 ”
2040 3394 2194 3458 tradit

272 3485 488 3555 Plinius,
517 3506 601 3543 VI.
627 3496 715 3549 29.
788 3487 1034 3543 Victoriis
1058 3486 1197 3556 elati,
1230 3506 1286 3544 se
1308 3486 1572 3559 AEgyptiis
1609 3485 1909 3541 vetustiores
1937 3505 2049 3542 esse
2071 3504 2192 3557 pro-
