2242 3996
464 160 564 210 AD
593 158 730 208 LIB.
766 157 835 206 11·.
862 156 1046 205 HIST.
1081 157 1141 204 C'.
1177 154 1388 206 CORN.
1419 153 1670 209 TACITI.
1939 157 2034 204 505

99 292 279 346 firmat
293 306 534 342 nummus
561 264 927 350 Nicaeensinm,
955 303 1109 354 quem
1129 278 1336 337 exhibet
1355 281 1439 336 Cl.
1462 280 1708 346 Pellerin,
1729 287 1764 313 “
1781 261 2038 356 Melange
2076 330 2081 334 ,
2107 333 2116 339 ,

107 387 172 437 de
222 379 548 446 Medailles,''
584 379 706 432 Vol.
738 397 805 431 11.
849 399 900 448 p.
929 386 1015 437 39.
1069 377 1208 430 Tab.
1234 379 1320 431 26.
1355 397 1405 429 n.
1426 385 1479 430 4.
1518 383 1818 439 ATTOKR
1831 406 2021 424 ······

92 478 689 532 .ΟΤΕΣΠΛΣΙΑΝΩ.
744 475 978 526 ΝΕΙΚΑ
995 479 1090 524 ΕΙ.
1167 470 1343 541 Caput
1386 470 1688 541 Vespasiani
1731 469 2032 525 laureatum.

107 568 174 623 In
223 570 399 624 aversa
448 580 611 638 parte,
674 574 828 620 ΕΠΙ.
867 571 1211 618 -ΜΑΡΚΟΥ,
1261 572 1672 647 ΠΑΑΙῩΚΙΟΥ.
1700 628 1703 631 .
1733 572 2029 619 orAPor.

9 727 13 729 μ
101 670 409 727 ΑΝΘΤΠΑ
426 669 512 714 ΤΟ
529 670 579 714 Τ.
657 658 1019 729 Pampinatum
1059 657 1283 730 Bacchae
1317 669 1487 728 caput.
1565 659 1858 713 Nummum
1882 659 2029 713 illum

102 758 170 814 ad
191 755 631 815 Nicomedienses
655 773 927 823 perperam
952 750 1167 805 retulere
1192 751 1373 804 eruditi
1398 752 1491 804 viri
1515 752 1760 820 Vaillant,
1800 755 2027 809 Hardui-

76 920 77 923 Ἴ
101 869 215 914 nuS,
243 849 581 920 Spanhemius
606 847 813 918 aliique.
1486 915 1492 921 .
1787 910 1793 913 ,

179 943 360 997 Seram
379 943 598 996 veniam.
674 941 755 993 lfa
776 940 946 994 MSS.
970 939 1110 992 Flor.
1137 940 1269 1009 Reg,
1297 939 1460 993 Corb.
1485 941 1733 995 editiones
1759 954 1950 997 veteres
1975 954 2028 998 et

101 1037 426 1112 recentiores.
499 1034 563 1088 ln
591 1035 762 1091 MSS.
789 1034 940 1087 Harl.
968 1033 1124 1086 Bodl.
1159 1033 1193 1087 J
1199 1053 1267 1086 eS.
1298 1032 1435 1086 Bud.
1460 1047 1511 1086 et
1540 1036 1836 1102 Rhenanus,
1851 1053 2025 1091 secun-

102 1129 223 1183 dam
264 1130 484 1184 veniam.
559 1127 687 1182 Inde
729 1130 959 1181 tentabat
996 1125 1280 1192 AcidaliuS,
1319 1128 1522 1180 veniam
1562 1118 1837 1183 secundnm
1870 1131 2024 1184 scelus

102 1224 377 1297 quaerebat.
702 1265 714 1274 ,
1684 1225 1686 1228 ’

178 1316 385 1370 Terruit
427 1335 490 1370 ne
526 1314 789 1386 periculo·
809 1344 823 1359 ·
845 1323 859 1359 '-
881 1312 1210 1386 melfa-taret.
1309 1314 1455 1368 Bene
1501 1316 1630 1371 MS.
1684 1316 1817 1389 Reg.
1865 1318 2020 1374 editi·

101 1409 341 1481 princeps
366 1423 417 1463 et
441 1409 765 1464 recentiores,
843 1409 930 1461 Sic
959 1404 1229 1474 Horatius,
1260 1426 1298 1460 1.
1323 1408 1435 1461 'Od.
1464 1428 1532 1463 11.
1557 1417 1613 1466 5.

574 1607 608 1630 “
627 1600 825 1650 Terruit
847 1606 1025 1665 gentes,
1050 1617 1194 1666 grave
1215 1617 1275 1649 ne
1299 1600 1470 1650 rediret

572 1711 801 1760 Seculum
825 1710 1069 1776 Pyrrhae.''
1165 1760 1177 1763 „

97 1898 273 1954 MSS.
301 1898 454 1968 Harl.
477 1897 633 1952 Bodl.
671 1909 724 1951 et
766 1896 1098 1964 PuteolanuS,
1125 1899 1308 1951 terruit
1330 1897 1356 1950 ὲ
1383 1897 1648 1969 periculo·
1666 1925 1682 1944 ·
1703 1927 1718 1944 ·
1738 1899 2019 1972 -affitctares
2041 1957 2045 1960 ,

0 1999 11 2015 ”
101 1992 234 2048 MS.
257 1994 388 2064 Agr.
427 1992 614 2046 terruit
639 2002 900 2063 tamquam
939 1990 964 2044 ὲ
991 1990 1251 2063 periculo·
1271 2021 1286 2038 e
1307 2021 1322 2038 ο
1343 1991 1649 2068 affectaret.
1724 1994 2017 2064 Rhenanus,

101 2089 286 2143 terruit
302 2086 531 2160 periculo
546 2116 561 2132 ·
581 2116 596 2133 ο
616 2116 631 2132 ·
652 2085 956 2156 ·affictaret.
1017 2117 1019 2121 -

174 2272 323 2327 CAP.
362 2276 450 2329 64.
526 2271 822 2327 Devertere.
898 2273 1045 2327 Bene
1087 2271 1258 2346 MSS.
1303 2271 1443 2326 Flor.
1482 2273 1610 2343 Agr.
1653 2272 1815 2329 Corb.
1859 2272 2016 2328 editio

99 2349 339 2440 princeps
355 2377 408 2420 et
433 2366 757 2421 recent-iores.
831 2365 896 2418 In
920 2366 1029 2419 aliis
1055 2366 1227 2420 MSS.
1248 2376 1299 2419 et
1322 2366 1469 2427 editis
1491 2366 1652 2433 libris,
1679 2366 1941 2420 divertere.

175 2461 569 2514 Interamnium.
644 2459 726 2512 Ita
756 2460 925 2514 MSS.
963 2460 1094 2529 Reg.
1126 2459 1267 2512 Flor.
1307 2461 1436 2529 Agr.
1477 2459 1634 2514 Bodl.
1678 2471 1729 2513 et
1769 2459 2012 2514 editiones

95 2555 422 2610 recentiores,
486 2554 765 2628 Perperarn
785 2554 837 2607 in
854 2553 1076 2607 editione
1102 2553 1351 2624 principe,
1379 2553 1519 2607 intra
1545 2554 1797 2607 Annium.
1841 2553 2014 2608 MSS.

99 2648 255 2704 Harl.
302 2649 412 2703 Jes.
462 2648 844 2701 Interannium‘.
944 2646 1265 2701 Puteolanus
1303 2646 1590 2700 emendavit
1639 2646 2014 2701 Interamnam.

100 2742 188 2797 Sic
213 2741 349 2796 enim
374 2741 503 2795 infra
529 2742 670 2796 Hist.
699 2760 796 2795 111.
821 2742 909 2795 63.
948 2746 984 2773 “
1008 2741 1313 2794 Interamnae
1339 2741 1615 2811 subsistere
1629 2741 1660 2764 ”
1684 2740 1885 2811 legitur.
1938 2739 2016 2794 Ut

98 2846 157 2889 ut-
179 2845 274 2902 est,
299 2835 666 2888 Interamnium
691 2845 770 2887 est
785 2834 897 2904 ipsa
923 2834 1231 2900 Interamna,
1256 2835 1409 2888 hodie
1434 2834 1484 2887 T
1479 2834 1608 2901 erni,
1634 2854 1747 2905 quae
1771 2834 1821 2886 in
1845 2833 2016 2888 Anto·-

97 2929 203 2982 nini
228 2928 493 2982 Itinerario
518 2929 722 2993 dicitur,
746 2928 1070 3007 Ῑητεναφηηῑά
1097 2929 1294 2982 civitas.

114 3011 119 3016 ’
179 3021 384 3076 Visum:
422 3023 480 3090 in
518 3023 720 3076 itinere.
797 3023 943 3076 Bene
973 3022 1089 3075 libri
1128 3023 1303 3092 scripti
1328 3033 1379 3076 et
1411 3022 1548 3089 editi,
1586 3031 1770 3091 praeter
1807 3021 2016 3075 Rhena-

99 3134 243 3181 num,
270 3116 357 3186 qui
380 3116 597 3181 invertit,
621 3116 679 3169 in
703 3115 886 3169 itinere
909 3117 1089 3170 visum.

176 3206 299 3262 Non
324 3209 557 3262 immixta
585 3209 833 3262 tristibus.
909 3208 989 3263 Ita
1007 3209 1314 3263 recentiores
1336 3209 1362 3262 ὲ
1388 3207 1685 3280 conjectura
1708 3207 1764 3262 J.
1790 3208 1850 3262 F.
1878 3209 2018 3263 Gro-

0 3364 7 3379 ,Λ
40 3292 42 3297 ’
100 3295 257 3365 novii,
301 3310 354 3354 et
391 3301 637 3371 corrupta
676 3286 932 3372 scriptura
973 3284 1270 3356 MS.F101·.
1310 3321 1412 3355 non
1449 3302 1628 3354 immix
1664 3301 1928 3367 tristibus;
1966 3311 2020 3355 et

0 3399 13 3442 ’ᾖ
102 3391 334 3446 editionis
358 3394 623 3465 principis,
647 3414 751 3448 non
787 3395 1197 3449 immixtricibuS.
1272 3395 1500 3448 Pichena
1525 3396 1890 3462 emendaverat,
1916 3413 2020 3448 non

0 3465 17 3563 L
109 3483 322 3555 immitis
357 3486 604 3542 tristibus.
681 3487 852 3543 MSS.
881 3487 1032 3543 Harl.
1059 3488 1214 3543 Bodl.
1240 3487 1353 3543 Jes.
1379 3487 1560 3544 Guelf.
1600 3499 1652 3542 et
1690 3487 2022 3554 Puteolanum
