1786 3204
51 160 155 199 J·.C.
174 156 242 204 69.
368 144 758 193 HxsTomARUM
788 151 951 191 LIBER
979 153 1253 200 QUARTUS.
1519 164 1596 200 285

52 245 265 331 pergere,
287 259 411 319 loco,
432 262 510 306 cui
534 257 757 306 Gelduba
773 258 786 278 ¹
810 271 985 305 nomen
1007 267 1093 316 est,
1116 269 1263 306 castra
1291 256 1461 309 fecere.
1529 264 1601 311 Ibi

49 337 273 395 struenda
295 336 408 396 acie,
433 335 686 383 muniendo
708 334 1032 399 vallandoque,
1054 347 1102 383 et
1133 335 1296 385 ceteris
1315 337 1424 385 belli
1454 340 1600 387 medi-

49 415 263 471 tamentis
300 414 493 462 militem
531 404 791 461 firmabant.
861 414 1023 477 thue
1073 413 1234 477 praeda
1260 415 1332 465 -ad
1375 415 1596 464 virtutem

48 493 396 559 accenderetur,
424 491 473 539 in
498 489 738 555 proximos
762 490 1102 555 Gugernorum
1117 493 1134 511 ²
1155 509 1318 557 pagos,
1340 493 1421 558 qui
1453 495 1598 560 socie-

49 583 191 630 tatem
216 569 375 620 Civilis
396 578 682 632 acceperant,
706 569 873 616 ductus
905 566 933 615 a
956 567 1139 616 Vocula
1170 570 1414 621 exercitus.
1482 573 1596 620 Pars

49 666 161 698 cum
190 647 431 700 Herennio
454 646 596 702 Gallo
618 646 882 710 permansit.
1406 663 1410 667 ·

31 860 43 879 Χ
116 778 197 857 .27.
254 805 435 859 Fon'rE
491 819 676 861 navem,
732 802 859 851 haud
913 802 1078 867 procul
1127 803 1302 869 castris,
1358 803 1597 855 frumento

46 898 257 949 gravem,
286 882 404 931 cum
439 898 522 945 per
554 881 672 929 vada
705 880 926 939 haesisset,
959 882 1185 930 Germani
1217 881 1267 929 in
1292 897 1424 930 suam
1445 883 1595 947 ripam

47 960 303 1013 trahebant.
371 960 494 1008 Non·
518 958 622 1006 tulit
653 958 840 1017 Gallus,
870 958 1084 1023 misitque
1106 959 1309 1008 subsidio
1333 960 1590 1009 cohortem.

47 1041 232 1087 Auctus
275 1048 322 1085 et
378 1038 727 1085 Germanorum
779 1051 1020 1095 numerus,
1072 1037 1384 1102 paulatimque
1428 1055 1593 1104 aggre-

44 1116 259 1182 gantibus
289 1132 339 1163 se
359 1114 557 1173 auxiliis,
593 1114 688 1162 acie
711 1125 951 1162 certatum.
980 1143 982 1145 -
1024 1115 1268 1174 Germani,
1303 1115 1452 1164 multa
1481 1133 1592 1165 cum

43 1205 197 1260 strage
232 1204 516 1252 nostrorum,
551 1208 719 1240 navem
753 1192 996 1256 abripiunt.
1066 1193 1188 1241 Victi
1221 1194 1375 1258 (quod
1411 1205 1513 1243 tum
1542 1195 1592 1242 in

44 1287 227 1322 morem
248 1270 467 1329 verterat)
489 1287 587 1318 non
607 1286 740 1319 suam
772 1270 1019 1336 ignaviam,
1041 1272 1123 1319 sed
1152 1271 1393 1335 perfidiam
1423 1271 1561 1338 legati
1576 1275 1604 1307 ἒ

43 1349 304 1413 culpabant.
372 1349 664 1397 Protractum
698 1348 726 1396 ὲ
758 1349 974 1408 tentori0,
1008 1348 1146 1398 scissa
1172 1360 1315 1409 veste,
1347 1351 1591 1402 verberato

43 1443 258 1491 corpore,
293 1431 327 1455 “
351 1444 446 1492 quo
467 1427 635 1491 pretio,
671 1426 839 1492 quibus
869 1427 1079 1494 consciiS,
1119 1427 1392 1492 prodidisset
1414 1427 1594 1479 exerci-

45 1510 82 1534 “
103 1506 260 1565 tum‚'’
284 1504 438 1554 dicere
449 1507 629 1571 jubent.
667 1506 812 1555 Redit
822 1505 872 1555 in
884 1506 1212 1555 Hordeonium
1232 1505 1414 1555 invidia.
1448 1507 1595 1557 Illum

43 1587 78 1611 “
111 1593 350 1631 auctorem
372 1583 607 1642 sceleris‚”
631 1583 758 1631 hunc
796 1588 830 1612 ‘⁶
854 1583 1116 1632 ministrum
1134 1585 1166 1608 ’'
1203 1595 1399 1635 vocant:
1437 1585 1590 1636 donee

39 1660 235 1726 exitium
279 1660 591 1710 minitantibus
629 1660 894 1721 exterritus,
939 1667 974 1690 ‘⁶
997 1661 1307 1726 proditionem
1321 1664 1354 1684 ''
1401 1674 1447 1711 et
1490 1663 1589 1727 ipse

39 1737 314 1787 Hordeonio
353 1739 548 1803 objecit:
596 1739 888 1805 vinctusque,
926 1740 1127 1789 adventu
1163 1740 1356 1788 demum
1391 1732 1588 1791 Voculae

39 1804 309 1866 exsolvitur.
366 1817 411 1864 Is
432 1816 616 1880 postera
634 1818 726 1877 die,
749 1829 960 1867 auctores
981 1818 1214 1868 seditionis
1235 1829 1385 1866 morte
1402 1816 1594 1869 adfecit.·

38 1894 191 1944 Tanta
210 1893 277 1942 illi
310 1895 533 1949 exercitui
555 1895 790 1946 diversitas
823 1896 970 1945 inerat
1004 1896 1216 1956 licentiae,
1246 1895 1584 1961 patientiaeque.
1614 1938 1617 1940 .

38 1971 183 2019 Haud
204 1969 344 2020 dubie
362 1973 602 2038 gregarius
624 1975 772 2035 miles,
795 1974 981 2024 Vitellio
1003 1975 1126 2023 fidus
1145 1992 1158 2023 ε
1193 1973 1588 2038 splendidissimus

39 2048 252 2114 quisque,
284 2049 335 2096 in
368 2051 698 2114 Vespasianum
735 2053 898 2117 proni:
934 2052 1042 2100 inde
1063 2052 1293 2100 scelerum
1328 2069 1381 2101 ac
1415 2051 1589 2116 suppli·

39 2126 219 2197 ciorum
245 2126 384 2186 vices,
418 2139 464 2176 et
498 2129 672 2178 mixtus
705 2130 928 2196 obsequio
950 2128 1112 2178 furor:
1150 2141 1203 2178 ut
1232 2129 1457 2178 contineri
1489 2145 1587 2178 non

38 2214 241 2269 possent,
264 2204 344 2269 qui
366 2205 519 2269 puniri
539 2218 767 2271 poterant.

76 2419 78 2421 Ι
106 2366 186 2413 28.
220 2362 307 2408 ΛΤ
331 2359 531 2410 Civilem
559 2361 794 2413 immensis
822 2363 1031 2412 auctibus
1044 2365 1063 2392 ⁴
1096 2361 1308 2413 universa
1330 2359 1585 2412 Germania

91 2514 107 2533 ¹
137 2510 321 2555 Gelduba.
349 2517 469 2556 Haud
486 2519 623 2569 procul
643 2520 771 2559 Nove·
897 2516 914 2539 ³
956 2519 1108 2570 Legati.
1154 2516 1336 2556 Herennii
1373 2517 1494 2566 Galli,
1532 2517 1579 2556 de

36 2568 94 2608 sio
109 2577 192 2607 erat
210 2570 406 2618 Gelduba,
422 2572 537 2610 hodie
558 2573 668 2612 Gelb.
844 2587 923 2625 quo
943 2574 1091 2611 dictum
1111 2585 1241 2622 supra.

91 2620 110 2638 ²
139 2623 417 2673 Gugernorum.
439 2627 609 2677 Gugerni
626 2628 769 2679 origine
897 2625 917 2648 4
943 2625 1137 2665 Immensis
1172 2624 1355 2664 auctibus.
1390 2624 1455 2663 Sic
1488 2624 1583 2662 Vel-

37 2676 515 2724 Gemanica,intm·Ubios
527 2681 769 2733 Batavosque
844 2681 944 2719 lcius
963 2679 1158 2719 Patercul.
1178 2691 1229 2717 11.
1249 2682 1315 2716 40.
1341 2679 1476 2730 Hujus
1494 2679 1582 2725 viri,

36 2729 237 2782 interjecti,
266 2739 453 2771 terrarum
479 2742 627 2786 partem
649 2749 769 2774 occu·
847 2734 1034 2786 Pompeii,
1041 2733 1250 2786 fastigium
1271 2733 1392 2773 tantis
1411 2731 1582 2771 auctibus

34 2784 191 2832 psham,
203 2798 297 2835 quas
315 2793 418 2826 'nunc
438 2787 615 2838 dicimus,
624 2795 716 2839 part
729 2788 778 2840 of
829 2788 1000 2840 fortuna
1018 2787 1166 2826 extulit.
1222 2786 1423 2824 Immensis
1449 2791 1581 2824 autem

35 2837 99 2875 tke
122 2838 271 2877 duchies
284 2840 334 2892 of
344 2840 471 2880 Cleves
489 2842 565 2880 and
582 2842 769 2882 Guelder-
844 2843 1023 2880 auctibus
1040 2840 1298 2879 extollebatur
1318 2839 1468 2886 Civilis,
1487 2839 1580 2877 cum

34 2890 137 2938 land,
171 2893 330 2933 between
358 2894 422 2935 the
449 2895 572 2936 Raiue
602 2898 678 2935 and
707 2897 769 2936 tlte
841 2895 1120 2934 Transrhenani
1143 2892 1326 2934 Germani
1348 2894 1519 2944 undique
1544 2893 1576 2930 ci

35 2944 180 2985 Mense.
540 2999 542 3001 ‚
825 2951 1092 3002 jungerentur.
1164 2981 1169 2985 .
