1786 3204
0 755 7 854 Ξ

0 2961 9 2994 ἱ

0 2996 7 3025 ‚⁸

0 3023 14 3091 ἰῇ

61 207 101 247 J.
130 205 176 244 e.
205 199 272 248 69.
448 191 836 235 msTORIARUM
867 189 1030 251 121ssssst
1061 189 1283 227 PRIMUS.
1556 192 1606 226 43

59 304 190 356 'fama
209 300 395 352 tradidit
417 304 451 328 “
472 295 765 353 Camurium,
790 291 1157 358 quintaedecimae
1181 289 1374 357 legionis
1396 288 1606 346 militem,

0 400 5 441 ζ
68 388 103 412 “
125 384 348 446 impresso
385 375 558 442 gladio,
591 372 811 438 jugulum
847 371 945 434 ejus
968 368 1221 416 hausisse.''
1293 365 1447 416 Ceteri
1472 379 1610 412 crura

74 614 264 679 adjecta.

0 457 9 530 ξ,
67 459 347 522 brachiaque
387 457 520 519 (nam
558 462 722 514 pectus
761 445 1044 512 tegebatur)¹
1068 442 1196 492 foede
1221 443 1475 491 laniavere:
1512 440 1609 504 ple-

0 558 9 576 ι
70 553 216 601 raque
271 533 481 589 vulnera,
541 526 720 575 feritate
765 536 811 572 et
854 521 1043 580 saevitia,
1087 535 1256 570 trunco
1287 525 1385 587 jam
1427 522 1611 585 corpori

143 773 225 814 42.
259 766 446 811 TthJM
493 759 600 807 inde
646 757 836 804 Vinium
880 754 1118 802 invasere:
1170 755 1231 802 de
1274 754 1369 820 quo
1414 770 1460 806 et
1514 760 1614 824 ipso

0 865 3 883 ;
74 842 343 908 ambigitur,
384 835 686 886 consumserit
709 850 768 881 ne
798 849 963 880 vocem
997 833 1113 896 ejus²
1155 830 1325 879 instans
1349 847 1515 894 metus,
1554 856 1613 887 an

77 915 445 986 proclamaverit,
486 918 519 941 “
537 928 633 959 non
663 927 760 958 esse
796 910 852 956 ab
902 908 1091 956 Othone
1115 909 1400 969 mandatum,
1424 925 1475 960 ut
1497 916 1615 963 occi-

81 1002 118 1026 “
139 993 378 1045 deretur.'’
449 990 593 1054 Quod
632 1005 714 1036 seu
753 985 888 1033 finxit
926 983 1188 1043 formidine,
1230 987 1321 1032 seu‘
1340 990 1618 1042 conscientia

84 1069 409 1138 conjurationis
452 1066 690 1116 confessus
733 1075 833 1112 est:
872 1063 965 1110 huc
994 1061 1152 1125 potius
1174 1062 1271 1127 ejus
1291 1063 1382 1111 vita
1402 1063 1618 1133 famaque

9 1161 12 1162 ’
83 1149 287 1207 inclinat,
309 1158 362 1195 ut
382 1144 592 1195 conscius
615 1141 798 1191 sceleris
820 1139 976 1198 fuerit,
999 1140 1131 1204 cujus
1154 1156 1289 1188 causa
1310 1146 1439 1190 erat.3
1492 1153 1619 1197 Ante

7 1242 39 1264 Φ
87 1227 239 1277 aedem
274 1224 366 1288 divi
400 1221 526 1272 Juffi4
563 1220 721 1286 jacuit,
760 1219 911 1283 primo
948 1217 1044 1266 ic‘tu
1087 1216 1134 1264 in
1162 1218 1400 1282 poplitem,
1424 1239 1538 1271 mox
1561 1229 1618 1275 ab

87 1303 208 1353 Julio
249 1303 393 1359 Caro,
431 1297 681 1364 legionario
717 1295 877 1354 milite,
900 1294 948 1342 in
987 1306 1237 1359 utrumque
1259 1296 1376 1346 latus
1399 1310 1624 1352 transver-

90 1381 291 1430 beratus.

157 1546 237 1587 43.
272 1540 534 1586 InsmNEM
551 1534 632 1584 illa
653 1534 727 1583 die
749 1532 901 1581 virum
923 1529 1251 1595 Sempronium
1272 1531 1487 1585 Densum
1521 1547 1630 1585 aetas

93 1626 251 1664 nostra
288 1614 414 1662 vidit.
486 1613 710 1663 Centurio
740 1611 778 1659 is
799 1609 1027 1675 praetoriae
1050 1607 1269 1667 cohortis,
1302 1607 1329 1655 ὂ,
1354 1611 1509 1660 Galba
1531 1631 1630 1662 cus.

97 1693 234 1741 todiae
273 1691 466 1740 Pisonis⁵
509 1690 708 1749 additus,
743 1689 903 1737 stricto
925 1686 1145 1752 pugione,
1163 1702 1411 1735 occurrens
1433 1693 1633 1750 amians,

96 1779 143 1817 et
165 1769 314 1817 scelus
336 1769 638 1833 exprobrans,
660 1785 713 1814 ac
744 1766 889 1814 modo
912 1780 1069 1818 manu,
1095 1763 1239 1810 modo
1262 1780 1395 1822 voce,
1412 1769 1634 1818 vertendo

95 1847 145 1894 in
183 1862 231 1894 se
274 1862 585 1910 percussores,
629 1860 911 1908 quamquam
940 1841 1180 1890 vulnerato
1217 1840 1370 1888 Pisoni
1410 1843 1634 1909 effugium

98 1922 237 1971 dedit.
305 1922 410 1971 Piso
445 1922 493 1969 in
528 1922 679 1970 aedem
702 1917 874 1969 Vestae⁶
896 1918 1109 1984 pervasit,
1132 1930 1444 1984 exceptusque
1467 1923 1638 1970 miseri-

101 1999 260 2048 cordi&
298 1998 471 2063 publici
500 1999 637 2057 servi,
672 2010 717 2047 et
742 1996 1044 2046 contubernio
1068 1997 1165 2060 ejus
1198 1995 1394 2054 abditus,
1417 2013 1513 2045 non
1535 2000 1638 2047 reli-

104 2076 276 2141 gione,⁷
315 2091 401 2123 nec
424 2075 714 2134 caerimoniis,
736 2076 817 2123 sed
834 2072 1010 2122 latebrfi
1031 2071 1275 2120 imminens
1298 2073 1489 2122 exitium
1512 2076 1638 2126 diffe-

107 2222 434 2273 cubz'culumsuum
463 2230 544 2268 *cicc
574 2230 730 2268 militnm

751 2243 837 2280 age-

961 2226 974 2248 ⁵
995 2227 1181 2265 Custodiae
1216 2227 1377 2266 Pisonis,
1425 2230 1525 2268 Vide
1558 2239 1637 2271 not.

109 2289 206 2320 rent.
226 2283 305 2320 Alii
324 2291 430 2320 eraut
450 2283 623 2328 Ετοεαεὶ,
637 2284 838 2334 dequibus
910 2291 948 2320 et
958 2281 1106 2318 emend.
1128 2281 1174 2317 ad
1192 2281 1290 2318 Hist.
1312 2295 1338 2319 1.
1356 2286 1422 2320 43.

110 2336 191 2373 dixi
211 2349 327 2387 supra
343 2338 446 2374 Ann.
467 2348 517 2375 Π.
533 2333 599 2375 68.
617 2345 696 2374 not.
717 2338 784 2374 inf.

166 2437 178 2454 ¹
218 2439 356 2477 Pectus
386 2440 595 2490 tegebatur.
652 2440 838 2484 Thorace,

113 2498 158 2530 ut
176 2492 324 2529 dictum
340 2500 395 2530 cst
411 2506 525 2543 supra
544 2507 630 2543 cap.
649 2497 714 2531 35.

165 2542 182 2560 ²
214 2545 345 2584 Vocem
360 2548 452 2596 ejas.
465 2547 530 2584 Sic
542 2547 645 2596 apud
665 2548 716 2592 Q.
732 2549 843 2587 Curt.

115 2609 195 2636 vn.
223 2602 261 2642 7.
285 2612 356 2649 per
374 2605 506 2637 metum
524 2600 634 2637 etiam
648 2601 846 2652 suppressd

114 2665 214 2690 voce.

167 2701 184 2724 ³
214 2704 331 2755 Ctgjus
349 2718 460 2743 causa
477 2712 573 2743 erat.
589 2706 691 2744 Cum
704 2707 844 2745 Vinius

115 2757 285 2795 Galbam
321 2758 404 2795 odio
425 2759 669 2810 flagitiorum
697 2773 746 2797 on

116 2817 184 2853 set,
203 2818 247 2848 ut
265 2811 367 2849 recte
401 2813 573 2850 observat
587 2813 759 2851 eruditu's
779 2814 848 2852 Sa-

118 2862 235 2901 vilius
253 2877 302 2902 ex
319 2877 405 2915 sup.
425 2877 511 2916 cap.
526 2863 566 2902 6.

172 2914 192 2936 ⁴
218 2918 349 2956 AEdem
364 2918 443 2956 divi
461 2919 573 2958 Julii.
602 2919 647 2957 Iu
666 2918 746 2958 foro

123 2982 248 3009 mano.

748 2760 847 2799 eras-

749 2882 754 2895 (
769 2920 847 2959 Ro-

962 2331 979 2351 ⁶
1017 2335 1066 2371 In
1096 2335 1205 2370 aedem
1249 2334 1284 2371 V
1283 2341 1381 2373 estoe.
1426 2336 1526 2380 Quae
1559 2346 1640 2377 erat

910 2389 982 2425 aedi
1006 2387 1056 2424 D.
1073 2387 1170 2425 Julii
1189 2389 1377 2437 proxima,
1397 2389 1434 2425 in
1448 2389 1549 2427 clivo
1567 2393 1639 2430 Pa-

911 2441 1018 2478 latini
1039 2441 1187 2486 montis,
1205 2448 1242 2478 et
1262 2454 1377 2492 prope
1398 2443 1534 2481 Palatii
1556 2459 1641 2495 por-

912 2502 1002 2539 tam,
1021 2502 1064 2531 ut
1087 2494 1237 2531 dictum
1267 2503 1325 2532 est
1351 2493 1473 2547 'supra
1496 2499 1638 2536 Annal.

913 2560 986 2585 xv.
1005 2551 1071 2585 41.
1087 2554 1165 2584 not.
1186 2547 1250 2585 inf.

966 2598 982 2620 ⁷
994 2601 1085 2638 Non
1097 2600 1382 2651 religione.Non
1397 2603 1522 2641 Vestae
1535 2618 1642 2643 aram

913 2655 1128 2704 amplexus,
1147 2667 1220 2691 non
1253 2655 1326 2692 loci
1352 2656 1641 2708 Vestaliumque

914 2707 1152 2745 caerimonias
1189 2708 1378 2753 invocans,
1421 2711 1498 2754 sed,
1535 2713 1640 2761 quod

917 2762 1036 2798 tutius
1069 2762 1236 2805 rebatur,
1267 2763 1515 2800 contubernio
1546 2766 1640 2802 servi

914 2813 1076 2862 publici,
1105 2814 1174 2864 qui
1203 2814 1322 2852 aedem
1349 2815 1454 2854 illam
1474 2827 1640 2863 curaret,

915 2866 1080 2912 abditus,
1099 2866 1173 2904 hac
1197 2868 1262 2904 vili
1279 2868 1423 2907 latebra
1441 2869 1639 2911 imminens

914 2920 1078 2959 exitium
1095 2920 1302 2960 differebat.
