1786 3204
42 158 85 198 Ii
101 157 151 198 13:
177 152 278 201 39..-
314 187 345 196 Δ.
408 149 992 196 HISTORIARUM,LIBER
1019 150 1243 192 PRIMUS.
1540 155 1589 196 71

39 260 293 327 antequam
300 257 573 324 degiom‘b'us
587 251 914 307 miscerentur.
919 258 941 301 ¹.
978 255 1176 307 Addidit
1192 254 1405 321 epistolas
1420 256 1591 308 Fabius

42 340 248 398 Valens,
268 335 457 387 nomine
481 333 753 388 Germanici
783 333 1035 394 exercitus,
1065 335 1124 383 ad
1159 334 1398 400 praetorias
1418 346 1464 384 et
1493 336 1592 384 Ur-

42 419 184 466 banas
204 416 446 473 cohortes,
481 414 541 461 de
570 413 745 461 viribus
774 412 976 479 partium
1009 412 1295 478 magnfficas,
1317 424 1364 461 et
1399 429 1593 462 concor-

0 514 1 545 }
44 495 168 544 diam
211 493 473 543 offerentes.
541 491 813 554 Increpabat
856 489 1001 549 ultro,
1047 494 1081 517 ‘⁶
1104 490 1238 554 quod
1280 502 1409 539 tanto
1452 490 1560 539 ante
1574 493 1594 513 ²

45 578 82 602 “
113 571 335 620 traditum
357 567 544 617 Vitellio
567 567 815 632 imperium
836 567 897 614 ad
922 567 1164 616 Othonem
1184 567 1477 618 vertissent.''
1525 568 1596 617 Ita

45 648 282 715 promissis
304 647 460 706 simul,
483 663 535 693 ac
559 645 694 694 minis
715 646 1042 705 tenmbantur3
1080 650 1113 674 “
1138 657 1191 694 ut
1218 646 1346 695 bello
1377 646 1596 710 impares,

45 727 96 776 in
128 743 253 791 pace.
274 725 388 773 nihil
422 721 632 772 amissuri
648 724 699 771 :”
733 738 889 788 neque
920 722 1028 772 ideo
1060 722 1447 788 praetorianorum
1480 724 1599 774 fides

46 816 236 855 mutata.
1454 814 1462 820 ‘

57 997 62 1010 ,Δ
103 966 198 1014 75.
247 961 352 1009 SED
396 959 683 1011 insidiatores
739 960 798 1008 ab
847 959 1039 1008 Othone
1095 958 1145 1009 in
1190 959 1513 1020 Germaniam,
1546 939 1601 1008 d

50 1039 239 1088 Vitellio
261 1038 310 1086 in
333 1032 519 1086 Urbem
552 1038 707 1088 missi:
745 1038 953 1104 utrisque
986 1038 1160 1087 frustra
1190 1037 1309 1100 fuit3
1346 1037 1602 1088 Vitellianis

50 1116 262 1182 impune,
290 1132 375 1180 per
406 1127 581 1164 tantam
613 1115 860 1164 hominurn
876 1116 1250 1176 multitudinem,
1279 1117 1445 1166 mutua
1470 1117 1603 1183 igno·

36 1194 200 1244 tantia
243 1193 538 1245 fallentibus:
600 1194 875 1254 Othoniani,
919 1195 1120 1244 novitate
1163 1195 1343 1256 vultus,
1385 1195 1604 1244 omnibus

52 1272 252 1323 invicem
268 1255 456 1338 ignaris,
477 1272 810 1336 prodebantur.
865 1271 1078 1345 Vitellius
1099 1273 1252 1322 literas
1271 1274 1331 1321 ad
1347 1273 1604 1333 Titianum,

53 1349 491 1407 fratremVOthonis,
528 1350 807 1414 composuit,
846 1355 880 1379 “
912 1351 1106 1400 exitium
1129 1351 1214 1416 ipsi
1236 1351 1426 1417 filioque
1456 1353 1555 1418 ejus
1568 1351 1582 1373 '
1587 1351 1604 1374 '

53 1428 287 1486 minitans,
312 1432 346 1455 “
368 1426 417 1474 ni
438 1427 697 1476 incolumes
720 1428 805 1476 sibi
828 1439 976 1477 mater
997 1445 1050 1478 ac
1074 1429 1207 1478 liberi
1221 1431 1234 1457 ³
1258 1429 1604 1478 servarentur-'⁹

55 1506 119 1554 Et
149 1505 271 1554 stetit
294 1505 462 1555 domus
485 1510 710 1572 utraque:
746 1508 833 1555 sub
859 1507 1071 1566 Othone,
1098 1507 1329 1558 incertum
1360 1524 1421 1556 an
1442 1519 1604 1570 metu;

56 1583 271 1635 Vitellius
291 1583 458 1644 victor,
481 1584 751 1645 clementiae,
761 1585 960 1652 gloriam
980 1585 1101 1636 tulit.

76 1771 78 1773 >
127 1743 206 1798 76.
241 1740 449 1788 anus
471 1741 651 1790 Othoni
673 1741 894 1792 fiduciam
915 1742 1090 1792 addidit
1107 1759 1169 1792 ex
1190 1741 1377 1809 Illyrico
1398 1739 1608 1802 nuntius,

52 1816 235 1884 J‘urasse
257 1817 306 1865 in
328 1835 437 1866 eum
459 1819 725 1879 Dalmatiae,
748 1836 801 1869 ac
822 1820 1092 1880 Pannoniae,
1116 1831 1162 1869 et
1183 1819 1368 1869 Moesiae
1386 1819 1607 1886 legiones.

59 1897 193 1945 Idem
212 1913 276 1959 ex
309 1895 533 1960 Hispania
567 1892 787 1946 allatum:
824 1898 1128 1963 laudatusque
1158 1915 1244 1964 per
1269 1898 1475 1948 edictum
1497 1898 1614 1949 Clu-

61 1974 163 2022 vius
188 1972 411 2021 Rufusz⁴
442 1986 488 2022 et
521 1974 674 2022 statim
696 1975 938 2041 cognitum
960 1987 1046 2036 est,
1069 1992 1342 2026 conversam
1374 1977 1433 2025 ad
1469 1975 1614 2025 Vitel-

61 2051 179 2100 lium
222 2051 507 2115 Hispaniam.
581 2053 665 2101 Ne
704 2053 954 2118 Aquitania
1000 2054 1209 2119 quidem,
1253 2070 1539 2120 quamquam
1582 2071 1613 2105 a

62 2129 185 2178 Julio
210 2129 406 2178 Cordo'
393 2145 443 2176 111
476 2131 619 2178 verba
642 2116 846 2180 Othonis
867 2131 1103 2191 obstricta,
1138 2131 1218 2180 diu
1240 2131 1421 2181 mansit.
1488 2133 1616 2181 Nus-

61 2220 211 2272 quam
232 2206 368 2267 fides,
391 2218 470 2255 aut
492 2224 654 2256 amor:
691 2220 821 2258 metu
851 2226 903 2260 ac
926 2209 1192 2261 necessitate
1213 2210 1307 2261 huc
1329 2209 1440 2262 illuc
1469 2220 1619 2262 muta-

63 2398 401 2453 -¹Legionib11.s·
435 2404 697 2444 mimerentur.
744 2408 806 2445 Ne
882 2413 1002 2447 reato.
1046 2407 1091 2444 In
1109 2405 1237 2445 aversa
1255 2411 1376 2458 parte,
1406 2405 1619 2446 LIBERI

70 2454 131 2491 leo
108 2453 236 2505 giones
266 2456 394 2493 illas
382 2471 406 2493 a
434 2458 582 2496 Vitellii
612 2461 687 2498 fide
704 2475 808 2499 aver·
888 2462 1018 2503 IMP.
1047 2462 1242 2499 GERM.
1270 2461 1315 2498 Id
1332 2467 1400 2508 est,
1417 2461 1526 2499 liberi
1544 2461 1623 2499 Im·

70 2516 146 2580 terp
139 2517 207 2555 nt,
226 2510 275 2547 ad
296 2510 490 2549 Othonem
510 2523 791 2553 converterent.
883 2516 1076 2566 peratoris
1108 2515 1338 2553 Germanici.
1369 2515 1512 2565 Capita
1542 2517 1622 2553 duo

123 2560 297 2602 ²Tauto
317 2564 665 2606 attt&.Trad1tum
685 2570 721 2606 V
726 2569 810 2607 itel-
882 2570 1073 2620 juvenilia
1098 2569 1268 2607 adversa.
1324 2569 1369 2607 In
1388 2568 1622 2619 quibusdam

62 2616 153 2655 Α1ὶο
145 2618 351 2668 imperium
381 2619 441 2656 die
467 2620 602 2670 prima
617 2623 811 2671 Januarii,
890 2626 1058 2663 nummis
1074 2624 1172 2661 inter
1185 2623 1264 2660 duo
1283 2622 1413 2674 capita
1426 2629 1482 2660 est
1498 2623 1625 2663 stella.

64 2670 629 2722 ,Othouidiequintadecima.
894 2678 956 2716 De
981 2679 1038 2717 his
1067 2677 1218 2716 Vitellii
1245 2677 1375 2717 liberis
1401 2676 1487 2714 vide
1516 2677 1624 2716 Suet.

62 2754 67 2761 .
126 2721 140 2743 ³
171 2726 373 2764 Actiberi.
406 2729 488 2765 Hos
509 2729 658 2768 Vitellii
677 2738 715 2768 ct
734 2730 815 2768 Ga·
893 2733 930 2771 in
958 2732 1095 2770 Vitell.
1121 2743 1180 2770 vi.
1209 2738 1247 2771 et
1279 2738 1441 2769 stemma
1468 2731 1625 2770 Vitelli·

60 2777 179 2816 .leriae
214 2780 244 2816 F
247 2780 416 2818 undanae
443 2782 582 2819 libems
610 2784 736 2821 sidere
761 2792 815 2822 est
893 2798 1004 2823 orum
1023 2798 1141 2837 supra
1156 2798 1243 2836 cap.
1261 2789 1301 2830 9.

63 2832 114 2880 ,in
132 2834 258 2871 aureis
277 2842 316 2871 et
332 2836 519 2885 argenteis
536 2837 686 2875 Vitellii
708 2850 819 2877 num·
949 2837 970 2861 ⁴
997 2840 1150 2878 Cluvius
1170 2839 1308 2891 Rufus.
1329 2839 1411 2885 Qui
1431 2840 1629 2891 Hispaniae

76 2886 148 2923 mis
178 2889 228 2924 Α.
249 2889 286 2925 V
303 2888 508 2935 ITELLI
521 2891 594 2928 VS
625 2891 818 2930 GERM.
898 2901 1070 2944 praeerat,
1107 2899 1153 2932 ut
1183 2893 1348 2933 vidimus
1375 2906 1494 2945 supra
1527 2894 1630 2936 Hist.

80 2940 150 2983 131
161 2941 203 2979 P.
224 2941 369 2981 AVG.
399 2944 488 2982 TR.
507 2945 550 2983 P.
580 2945 718 2997 Capite
737 2944 823 2984 lau-
898 2958 930 2987 1.
950 2950 987 2987 8.
