2210 3978
234 148 333 209 596
743 148 947 198 NOTAE
985 147 1071 196 ET
1109 147 1667 200 EMENDATIONES

316 275 572 332 Prodesse
596 277 776 333 virtus.
857 277 1055 344 Virtus,
1081 277 1132 332 in
1159 277 1289 332 MS.
1316 277 1452 349 Reg.
1477 288 1529 336 et
1552 278 1779 337 editione
1802 279 2056 351 principe.
2061 295 2178 353 'per-

246 391 427 447 peram
451 370 739 427 excidit..

320 463 687 518 Periculorum
720 483 936 536 gnaras.
1013 464 1102 520 Sic
1129 444 1409 520 Rhenanus
1434 475 1486 518 et
1518 465 1841 525 recentiores.
1916 466 1984 524 ln
2007 430 2179 530 MSS.

248 569 300 612 et
325 558 579 611 veteribus
597 557 922 624 editionibus,
943 557 1178 630 ignarus·

326 652 397 705 Ire.
422 651 869 723 moenz'afegressos.
946 651 1093 704 Bene
1118 655 1311 704 veteres
1344 662 1397 705 et
1434 651 1742 708 recentiores
1776 653 2066 712 editiones.
2116 653 2182 712 In

253 744 565 800 intermediis
590 744 897 816 quibusdam
924 742 1231 801 editionibus
1256 744 1574 816 praepositio,
1601 746 1656 799 in
1680 757 1758 801 est
1780 746 1985 803 omissa.
2056 791 2061 799 .
2120 795 2124 801 .
2172 801 2176 804 .

329 947 481 1000 CAP.
508 953 596 1000 30.
636 945 758 1000 Et
738 963 944 999 incussce
971 944 1160 999 trabes.
1235 944 1299 998 In
1318 945 1545 1016 margine
1571 894 1703 1000 MS.
1730 944 1884 1000 Harl.
1905 955 1952 1000 et
1978 946 2189 1002 incussis

255 1039 509 1094 trabibus

332 1131 665 1202 Praecipuum
705 1149 973 1202 pavorem.
1048 1130 1222 1185 MSS.
1272 1131 1407 1200 Reg.
1457 1132 1586 1201 Agr.
1637 1141 1690 1184 et
1723 1131 1882 1186 editio
1930 1132 2190 1205 primam,

246 1225 566 1297 praecipua-m
591 1234 854 1277 terrorem.

251 1343 254 1346 ·
334 1317 489 1373 Intra
516 1326 704 1372 castra.
783 1315 993 1384 Castra,
1012 1316 1199 1370 abest
1176 1335 1207 1370 a
1235 1317 1366 1372 MS.
1390 1318 1426 1373 J
1431 1338 1504 1371 es,

333 1509 483 1563 CAP.
509 1517 598 1564 31.
639 1506 866 1580 Alpinus
895 1507 1204 1562 Montanus.
1281 1508 1455 1562 MSS.
1482 1506 1633 1562 Harl.
1660 1509 1818 1563 Bodl.
1837 1511 1951 1567 Jes.
1973 1521 2027 1566 et
2049 1510 2195 1567 editi·-

260 1623 384 1657 ones
409 1613 622 1669 vetereS‚
650 1601 914 1672 Alpinius.
989 1600 1138 1654 Alias
1162 1602 1351 1655 habent
1376 1622 1602 1673 quoque,
1629 1602 1871 1674 Alpinus.

338 1696 717 1751 Cunctabatur.
786 1695 949 1749 ·Male
976 1695 1107 1749 MS.
1133 1695 1245 1749 JeS.
1273 1696 1630 1750 conturbatur.

334 1789 460 1845 Non
484 1789 648 1856 valta,
674 1809 833 1861 neque
858 1790 1048 1842 animo.
1127 1788 1258 1841 MS.
1287 1787 1444 1842 Bodl.
1468 1809 1571 1846 non
1595 1790 1763 1859 vultu,
1787 1793 1892 1844 hon
1909 1789 2101 1845 auimo.
2183 1831 2188 1833 -

336 1883 689 1955 Conciperent.
769 1882 901 1936 MS.
919 1882 955 1936 J
960 1902 1030 1936 eS.
1051 1876 1361 1953 acciperent.

335 2071 486 2126 CAP.
533 2080 621 2126 32.
686 2072 1025 2145 Suspiciones.
1102 2074 1247 2127 Bene
1272 2072 1391 2126 libri
1416 2073 1555 2126 editi.
1603 2071 1667 2126 In
1687 2074 1815 2129 MS.
1834 2073 1990 2129 Bodl.
2008 2071 2199 2147 suspic-

259 2166 438 2220 tiones.
512 2165 576 2219 In
602 2165 733 2220 MS.
758 2166 930 2220 Vatic.
951 2186 1104 2238 quem
1134 2166 1347 2237 Lipsius
1372 2166 1612 2236 inspexit,
1639 2167 2025 2238 suspectione&

256 2247 259 2250 .
332 2259 572 2314 Externa
597 2260 757 2313 armis
771 2259 960 2329 falsis.
1037 2259 1119 2314 Ita
1146 2259 1320 2313 MSS.
1347 2259 1489 2313 Flor.
1518 2260 1652 2330 Reg.
1688 2259 1843 2314 Harl.
1869 2259 2029 2315 Bodl.
2065 2259 2194 2330 Agr.

259 2352 506 2408 editiones
526 2362 721 2406 veteres
746 2362 797 2405 et
820 2353 1149 2406 recentiores,
1227 2351 1438 2421 Lipsius
1466 2354 1786 2421 emendabat,
1813 2361 2026 2408 externa
2045 2370 2199 2419 amna

242 2444 427 2519 falsis,
499 2445 565 2499 In
591 2445 720 2499 MS.
739 2445 777 2500 J
781 2466 851 2499 es.
875 2455 1101 2500 extrema
1124 2446 1283 2499 armis
1288 2444 1473 2518 falsie.
2072 2454 2076 2458 ’

334 2537 563 2593 Laboris
598 2538 777 2611 recepi.
854 2537 919 2591 In
961 2538 1090 2592 MS.
1118 2538 1253 2609 Reg.
1291 2549 1345 2592 et
1382 2538 1604 2592 editione
1644 2537 1896 2610 principe,
1938 2535 2199 2592 lehunum.

259 2631 392 2686 MS.
420 2631 562 2684 Flor.
606 2642 660 2684 et
698 2631 855 2684 editio
895 2631 1135 2702 princeps
1171 2631 1379 2697 habent,
1417 2632 1599 2703 recepi.
1675 2631 1805 2685 MS.
1845 2630 1982 2702 Reg.
2019 2631 2195 2702 recipi.

256 2725 434 2780 MSS.
462 2723 615 2777 Harl.
643 2724 801 2778 Bodl.
826 2725 862 2780 J
868 2746 939 2779 es
965 2735 1017 2780 et
1043 2724 1381 2792 Puteolanus,
1407 2725 1531 2797 cepi.

326 2817 494 2876 Quod
517 2818 808 2888 praemium.
882 2816 968 2873 Ita
1005 2813 1180 2872 MSS.
1222 2818 1362 2872 Flor.
1406 2819 1539 2887 Reg.
1581 2816 1712 2887 Agr.
1750 2817 1908 2872 editio
1934 2817 2198 2894 princeps,

256 2913 376 2968 JaC.
405 2910 723 2975 Gronovius,
747 2922 800 2964 et
822 2912 1147 2966 recentiores
1224 2912 1397 2965 MSS.
1424 2909 1578 2964 Harl.
1604 2909 1762 2965 Bodl.
1787 2909 1900 2967 JeS.
1919 2919 1972 2964 et
1996 2907 2198 2965 Puteo·-

258 3004 423 3071 Ianus,
438 3005 688 3075 pretium.
763 3003 828 3058 In
853 3005 1082 3077 margine
1108 3005 1242 3060 MS.
1266 3002 1423 3058 Bodl.
1436 3003 1726 3076 prcemium.
2003 3026 2005 3029 ’
2074 3023 2076 3026 ’

235 3117 239 3119 ·
334 3098 439 3151 Sed
479 3097 736 3151 molliora.
815 3099 960 3152 Bene
987 3099 1117 3152 MS.
1143 3097 1285 3152 Flor.
1311 3096 1470 3151 editio
1502 3096 1745 3168 princeps
1780 3105 1837 3150 et
1869 3093 2198 3151 recentiores(

259 3188 317 3243 N
321 3210 379 3243 ec
406 3177 552 3244 aliter
578 3191 896 3267 Puteolanus
916 3201 969 3245 et
988 3191 1162 3246 MSS.
1190 3191 1345 3245 Harl.
1367 3189 1526 3245 Bodl.
1551 3189 1675 3246 licet
1698 3190 1940 3257 habeant,
1957 3188 2196 3281 moliera-

259 3279 434 3336 MSS.
451 3282 586 3355 Reg.
602 3284 717 3339 Jes.
743 3295 795 3338 et
819 3283 1074 3351 Alciatus,
1099 3284 1335 3339 meliora.

332 3374 535 3430 Rediit.
611 3376 787 3432 MSS.
812 3376 966 3434 Harl.
994 3376 1155 3435 Bodl.
1177 3377 1291 3435 Jes.
1316 3376 1476 3435 editio
1499 3377 1761 3452 princeps,
1797 3375 2118 3434 Puteolanus
2141 3367 2199 3432 ei·

263 3464 569 3537 BeroalduS‚
595 3470 748 3525 redit.
