1786 3204
177 122 255 159 182
675 123 722 161 C.
752 121 1020 161 CORNELII
1049 122 1263 174 TACITI,
1362 147 1371 160 ·
1435 128 1487 166 A.
1505 127 1555 174 U.
1574 129 1728 171 0822.

184 225 214 248 “
247 230 340 287 que
358 223 392 246 ’³
443 223 727 273 extollebant
772 230 807 252 ‘⁶
843 236 890 273 et
940 226 1176 276 advenisse
1219 244 1335 276 mox
1387 246 1496 278 cum
1541 231 1731 282 Vitellio

185 303 215 325 “
249 300 501 350 Britannici
524 302 759 356 exercitus
793 304 1017 353 robora2¹
1052 304 1159 369 ipsis
1187 321 1275 354 nec
1297 321 1545 358 numerum
1567 327 1731 374 parem

185 381 219 403 ‘⁶
247 378 489 445 pulsarum
531 394 683 443 nuper
696 382 714 401 ²
758 379 1026 444 legionum3
1079 393 1128 429 et
1184 399 1466 448 quamquam
1513 386 1730 436 atrociter

183 459 213 481 ‘⁴
250 455 570 520 loquerentur,
606 457 835 505 minorem
870 475 968 507 esse
1006 460 1130 524 apud
1164 460 1310 509 victos
1341 461 1564 512 animum.
1633 464 1727 513 Sed

185 536 214 558 “
249 532 429 582 insessis
459 534 646 584 interim
679 535 898 600 Alpibus,
932 549 1182 587 venturum
1208 555 1322 587 >cum
1357 540 1499 605 copiis
1523 540 1728 590 Orientis

184 613 213 636 “
246 611 536 660 Mucianum.
606 614 855 677 Superesse
877 615 1157 679 Vespasiano
1184 633 1328 676 mare,
1363 616 1546 678 classes,
1578 619 1730 669 studia

183 689 604 755 “provinciarum,
626 707 711 757 per
733 707 846 756 quas
868 692 996 740 velut
1029 693 1215 742 alterius
1235 693 1344 742 belli
1374 695 1548 744 molem
1568 696 1726 747 cieret.

182 769 212 791 ‘²‘
246 767 313 815 Ita
332 767 505 816 salubri
528 784 679 828 mora,
701 785 845 818 novas
866 769 985 819 vires
1007 769 1186 831 adfore,
1217 783 1262 821 et
1284 774 1588 838 praesentibus
1608 774 1723 823 nihil-

186 845 539 913 “periturum-‘⁹

241 1008 290 1050 2.
325 1003 412 1052 AD
436 1017 490 1051 ea
511 1002 745 1051 Antonius
765 1002 948 1053 Primus
973 1003 1034 1068 (is
1049 1005 1300 1055 acerrimus
1315 1006 1426 1055 belli
1443 1006 1722 1072 concitator)

118 1140 121 1142 Β
183 1082 213 1106 “
245 1077 582 1130 festinationem
603 1080 711 1146 ipsis
741 1081 919 1141 utilem,
951 1081 1136 1130 Vitellio
1159 1083 1397 1133 exitiosam
1412 1086 1446 1108 ''
1481 1085 1721 1135 disseruit:

184 1160 213 1182 ‘⁴
247 1157 352 1221 plus
397 1158 641 1218 socordiae,
700 1159 844 1225 quam
898 1160 1099 1220 fiduciae,
1156 1162 1397 1211 accessisse
1444 1163 1724 1213 victoribus:

180 1237 212 1260 “
245 1251 398 1302 neque
420 1236 543 1284 enim
576 1236 624 1285 in
659 1238 929 1301 procinctu³
966 1251 1011 1287 et
1034 1239 1190 1288 castris
1221 1240 1428 1289 habitos:
1463 1257 1548 1306 per
1569 1241 1724 1291 omnia

180 1315 211 1339 “
242 1314 384 1363 Italiae
417 1314 665 1379 municipia
694 1311 890 1376 desides,
923 1317 1108 1364 tantum
1142 1317 1396 1382 hospitibus
1418 1319 1722 1368 metuendos:

180 1394 211 1415 “
244 1402 419 1457 quanto
441 1391 647 1441 ferocius
678 1392 783 1441 ante
807 1410 857 1441 se
891 1394 1085 1459 egerint,
1122 1406 1248 1443 tanto
1277 1394 1493 1460 cupidius
1522 1395 1725 1446 insolitas

181 1471 208 1495 “
240 1469 499 1535 voluptates
533 1469 764 1519 hausisse:
801 1470 926 1520 circo
957 1487 1162 1536 quoque,
1195 1489 1249 1520 ac
1272 1472 1478 1532 theatris,
1501 1485 1547 1522 et
1578 1490 1724 1524 amoe-

180 1550 211 1576 “
245 1547 384 1595 nitate
423 1547 569 1596 Urbis
605 1547 850 1607 emollitos,
883 1560 968 1596 aut
998 1548 1367 1598 valetudinibus⁴
1398 1548 1562 1600 fessos·
1627 1552 1723 1602 Sed

180 1622 210 1652 ‘⁴
245 1624 400 1674 addito
434 1624 596 1689 spati0,
617 1625 910 1674 redditurum
933 1637 979 1674 et
1009 1625 1079 1674 his
1102 1628 1247 1675 robur
1268 1627 1563 1678 meditatione
1582 1630 1692 1679 belli
1707 1648 1722 1679 ε

179 1706 208 1729 “
241 1720 328 1754 nec
359 1702 523 1768 procul
567 1705 887 1764 Germaniam,
927 1705 1052 1753 unde
1087 1705 1236 1753 vires:
1278 1705 1562 1754 Britanniam
1599 1704 1722 1758 freto
1762 1696 1769 1703 ’

177 1784 211 1807 ’“
244 1781 426 1829 dirimi:
468 1781 607 1847 juxta
652 1781 846 1841 Gallias,
890 1781 1254 1848 Hispaniasque:
1296 1782 1557 1849 utrimque.
1576 1784 1724 1846 viros,

180 1863 207 1884 “
241 1876 405 1924 equOS,
439 1859 637 1908 tributae
673 1859 911 1925 ipsamque
945 1861 1137 1920 Italiam,
1171 1871 1217 1908 et
1252 1877 1364 1925 opes
1397 1860 1573 1909 Urbis:
1607 1878 1661 1911 ac
1683 1861 1724 1912 si

174 1929 207 1962 '“
240 1935 413 1985 inferre
468 1954 598 1985 arma
642 1937 766 1986 ultro
810 1938 969 1998 velint,
1025 1939 1140 1986 duas
1184 1938 1384 1997 classes,⁵
1428 1954 1723 2007 vacuumque

178 2018 206 2039 “
243 2014 481 2080 Illyricum
504 2030 646 2064 mare.
707 2016 835 2078 Quid
852 2028 954 2064 tum
970 2017 1169 2066 claustra
1190 2015 1419 2064 montium
1442 2012 1721 2080 profutura?

176 2096 205 2118 “
239 2092 352 2158 quid
388 2103 587 2140 tractum
621 2091 669 2140 in
705 2105 910 2142 aestatem
943 2095 1079 2143 aliam
1111 2092 1325 2142 bellum?
1374 2094 1499 2142 unde
1535 2093 1721 2143 interim
1781 2148 1785 2154 A

176 2174 206 2197 “
239 2169 500 2235 pecuniam,
519 2180 564 2217 et
587 2172 905 2221 commeatus?
942 2173 1071 2236 Quin
1088 2172 1246 2237 potifis
1263 2188 1319 2220 eo
1341 2170 1446 2236 ipso
1463 2181 1722 2231 uterentur,

176 2250 206 2274 “
238 2247 371 2313 quod
407 2247 685 2296 Pannonicae
721 2249 925 2314 legiones
962 2251 1167 2315 deceptae
1199 2248 1362 2315 magis,
1393 2247 1538 2312 quam
1569 2247 1721 2308 victae,

177 2329 207 2352 “
239 2340 484 2391 resurgere
530 2324 578 2373 in
623 2326 847 2374 ultionem
892 2339 1172 2393 properent:
1231 2325 1417 2379 Moesici
1460 2319 1724 2375 exercitus‘

1042 2481 1057 2507 ⁵
1088 2483 1198 2523 Duas
1217 2482 1365 2529 clemes-
1403 2481 1664 2519 Ravennatem
1678 2488 1722 2531 et

992 2538 1268 2583 Misenenscm;
1300 2545 1345 2575 ut
1380 2548 1498 2587 supra
1532 2535 1634 2573 Hist.
1666 2545 1720 2574 ιι.

229 2480 242 2500 ⁸
273 2482 443 2521 Robora.v
488 2483 590 2528 Quae
625 2482 808 2522 Vitellius
844 2498 911 2522 ex-

141 2563 143 2565 -
174 2535 330 2575 civerat
361 2536 461 2574 Hist.
482 2549 531 2574 11.
550 2541 601 2581 97
621 2544 659 2575 et
684 2542 772 2575 100,

228 2587 246 2606 ²
274 2590 476 2628 Pulsarum
508 2604 639 2641 nuper.
698 2591 742 2628 In
776 2592 908 2642 praelio
994 2597 1082 2630 1‘00.

175 2644 432 2682 Bebriacensi.
463 2644 566 2682 His.t
587 2656 636 2683 11.
653 2649 707 2682 40
723 2653 762 2683 et
780 2659 857 2706 seq.
1040 2640 1058 2663 ⁶
1114 2644 1270 2687 Illoesici
1324 2643 1522 2682 werricus.
1597 2641 1719 2703 Quod

227 2694 242 2717 ³
281 2698 330 2735 In
363 2698 576 2747 procinctu.
633 2700 678 2738 In
715 2700 859 2738 exercit
864 2699 907 2737 iis
943 2717 948 2743 ι
989 2698 1140 2750 qusici
1169 2698 1362 2736 exercitus
1395 2696 1597 2736 attulerint
1622 2696 1719 2734 vires

174 2751 419 2790 militaribus.
987 2754 1163 2804 integras,
1179 2765 1250 2790 noc
1270 2752 1371 2790 bello
1389 2752 1543 2789 fractas.
1582 2748 1719 2788 Praelio

226 2803 246 2825 ⁴
295 2804 591 2843 Valetudinz'bns.
644 2806 710 2845 Sic
748 2807 907 2854 Plinius,
989 2806 1614 2845 Bebriacensinoninterfuemm·
1633 2802 1719 2841 vide

176 2870 312 2897 xx111.
346 2865 377 2896 1.
407 2860 508 2898 Stet.
529 2863 594 2898 24.
641 2860 754 2902 Quod
779 2861 910 2914 adfe-
988 2861 1090 2899 llist.
1108 2872 1156 2899 n.
1175 2865 1241 2898 44.

172 2913 292 2952 btium
311 2913 543 2954 zalccudines
562 2914 715 2952 attinet.
