1786 3204
176 192 230 226 44
673 186 720 225 C.
754 184 1023 243 CORNELII
1049 183 1234 223 TACITI
1408 186 1458 222 A.
1488 184 1538 223 U.
1566 183 1614 223 C.
1635 179 1730 223 822,

174 273 305 321 rebat
320 278 341 320 s
392 270 509 320 cum
572 270 817 328 advenere,
878 270 1019 318 missu
1081 267 1301 328 Othonis,
1359 267 1631 317 nominatim
1674 267 1725 317 in

180 349 358 397 caedem
381 349 478 413 ejus
501 349 730 406 ardentes,
753 347 983 411 Sulpicius
1005 345 1235 406 Florus,
1214 363 1240 394 e
1265 345 1537 395 Britannicis
1556 345 1726 394 cohor-

181 427 321 484 tibus,
359 441 509 489 nuper
554 442 582 472 a
620 423 775 472 Galba
799 424 976 472 civitate
1000 426 1230 483 donatus,¹
1250 434 1294 471 et
1313 422 1481 472 Statius
1508 425 1751 482 Murcuss·

183 503 475 567 speculator.
517 518 544 547 a
582 501 748 594 quibus
787 512 1046 565 protractus
1081 501 1204 561 Piso,
1250 501 1298 549 in
1344 499 1522 549 foribus
1554 486 1727 565 templi
1773 498 1777 502 ⁴

184 579 453 628 trucidatur.

257 718 338 779 44.
373 731 612 779 NULLAM
661 731 876 778 caedem2·
906 729 1036 778 Otho
1082 731 1254 796 majore
1298 728 1453 779 laetitia
1475 727 1727 794 excepisse,

188 809 372 857 nullum
408 818 545 871 caput
567 818 660 855 tam
682 807 1005 855 insatiabilibus
1039 808 1185 856 oculis
1207 807 1505 872 perlustrasse
1528 806 1694 870 dicitur
1713 822 1728 854 z

192 903 274 934 seu
314 897 414 932 tum
449 883 659 947 primum
704 885 852 932 levata
895 885 1023 932 omni
1059 885 1346 933 solicitudine
1386 900 1534 944 mens,
1567 900 1732 934 vacare

167 1024 171 1028 ι
191 963 362 1029 gaudio
393 973 595 1026 coeperat
620 979 633 1009 :
670 979 750 1009 seu
795 962 1051 1009 recordatio
1091 963 1332 1028 majestatis
1353 962 1401 1010 in
1427 961 1599 1021 Galba,
1620 962 1732 1011 ami-

193 1039 311 1089 citiae
350 1039 397 1087 in
419 1041 479 1087 T.
515 1039 669 1098 Vinio,
693 1039 902 1104 quamvis
923 1039 1148 1088 immitem
1170 1039 1375 1088 animum
1396 1039 1594 1105 imagine
1616 1039 1733 1090 tristi

195 1116 483 1166 confuderat.
551 1116 745 1175 Pisonis,
777 1128 828 1164 ut
850 1116 1019 1165 inimici
1060 1128 1105 1165 et
1137 1117 1311 1177 aemuli,
1329 1118 1456 1166 caede
1477 1117 1637 1170 laetari,
1656 1118 1734 1183 jus

193 1193 356 1259 fasque
400 1194 630 1242 credebat.
699 1194 900 1242 Praefixa
936 1194 1081 1242 contis
1114 1195 1260 1258 capita
1280 1196 1593 1261 gestabantur,
1613 1193 1734 1259 inter

194 1273 325 1337 signa
369 1271 649 1331 cohortium,
685 1274 819 1338 juxta
863 1273 1086 1337 Aquilam
1124 1272 1333 1338 legionis,
1356 1271 1562 1320 certatim
1584 1282 1734 1321 osten·

193 1349 394 1397 tantibus
439 1361 651 1397 cruentas
688 1366 868 1408 manus,
906 1349 986 1413 qui
1010 1349 1288 1408 occiderant,
1312 1349 1392 1413 qui
1404 1347 1733 1410 interfuerant,

143 1425 157 1429 '⁴
195 1426 277 1491 qui
307 1425 449 1484 vere,'
476 1425 554 1490 qui
593 1425 730 1484 falso,
772 1437 823 1473 ut
845 1427 1096 1490 pulchrum
1126 1437 1172 1476 et
1207 1426 1505 1474 memorabile
1538 1424 1734 1486 facinus,

191 1505 435 1570 jactabant.
505 1503 669 1551 Plures
695 1502 843 1576 quan}
880 1515 1067 1552 centum
1091 1516 1138 1554 et
1158 1504 1318 1571 viginti
1341 1504 1523 1552 libellos
1543 1503 1734 1569 praemia

196 1580 564 1644 exposcentium,
604 1582 665 1629 ob
707 1577 907 1646 aliquam
961 1582 1210 1637 notabilem
1261 1581 1340 1630 illa
1401 1581 1475 1630 die
1526 1597 1734 1646 operam,

196 1657 407 1705 Vitellius
453 1657 615 1721 postea
658 1658 863 1707 invenit:
900 1677 1154 1725 omnesque
1185 1658 1395 1724 conquiri
1439 1670 1485 1707 et
1538 1657 1735 1709 interfici

191 1734 354 1799 jussit3
393 1751 488 1782 non
525 1735 704 1784 honore
742 1738 927 1796 Galbae,
968 1739 1049 1786 sed
1089 1738 1255 1786 tradito
1276 1736 1564 1801 Principibus
1584 1752 1735 1796 more,

196 1811 536 1859 munimentum
558 1813 615 1860 ad
639 1817 874 1877 praesens,³
898 1815 946 1862 in
969 1827 1207 1880 posterum
1229 1813 1466 1862 ultionem.

263 1969 552 2016 45.AL1UM
599 1971 810 2018 crederes
855 1982 1082 2030 senatum,
1122 1970 1262 2018 alium
1302 1968 1562 2034 populum.
1598 1983 1736 2016 ruere

195 2043 347 2091 cuncti
386 2043 434 2090 in
464 2056 625 2103 castra,
649 2046 819 2107 anteire
842 2048 1098 2110 proximos,
1122 2059 1296 2095 certare
1319 2062 1427 2094 cum
1449 2056 1736 2109 praecurren-

190 2118 328 2178 tibus,
368 2119 602 2185 increpare
645 2108 864 2182 Galbam,
901 2125 1086 2172 laudare
1109 2124 1306 2171 militum
1331 2122 1574 2188 judicium,
1598 2137 1731 2169 exos-

189 2196 331 2244 culari
368 2197 569 2246 Othonis
606 2215 826 2247 manum:
878 2213 1144 2266 quantoque
1164 2201 1309 2266 magis
1325 2198 1439 2247 falsa
1455 2209 1602 2258 erant,
1623 2214 1733 2264 quae

253 2397 265 2415 ¹
288 2393 451 2436 Ciuitate
470 2401 639 2439 donatus.
678 2403 756 2440 Du
747 2417 787 2440 is
809 2417 886 2440 aen(
890 2418 929 2440 is
1002 2406 1134 2463 κξκγεῖν
1150 2402 1185 2440 a}
1175 2418 1296 2449 -ιγεο-ιν,
1313 2399 1397 2440 Οὐδὲ
1400 2421 1411 2441 ν
1429 2402 1497 2440 ἔστι
1512 2401 1606 2446 vii-n,
1619 2398 1647 2438 ιἰῗ
1657 2418 1738 2440 eva*-

200 2452 350 2488 tabulas
371 2453 533 2491 honestae
567 2456 749 2495 missionis
770 2465 806 2493 ct
839 2458 931 2494 civi
1003 2474 1103 2509 τςκτ
1094 2471 1202 2494 mm·
1232 2458 1286 2497 τὴν
1316 2455 1469 2497 Πεισωνός
1506 2470 1564 2503 μοι
1591 2455 1738 2501 ”Pamin

200 2506 286 2541 tatis
315 2519 339 2542 a
367 2507 399 2543 C
407 2507 495 2544 alba
515 2509 589 2544 dat
582 2523 620 2546 ιε
641 2509 793 2546 laudavi
815 2524 929 2560 supra
1006 2507 1147 2557 δειξοιτε.
1166 2507 1561 2552 Pluta1cl1.inGalba,
1575 2506 1736 2559 p.1062.

200 2558 237 2595 in
259 2567 336 2595 not.
360 2562 561 2599 etemoml.
595 2565 642 2600 ad
675 2563 815 2600 Annal.
839 2577 931 2601 xxv.
1060 2561 1360 2602 ³Muuimentum
1375 2564 1607 2614 adpmsens.
1626 2562 1738 2600 More

201 2617 267 2656 27.
289 2612 348 2649 Dc
371 2613 459 2662 juie
479 2615 643 2654 civitatis
659 2616 766 2654 Rom
760 2629 840 2654 msc
856 2618 935 2654 dic·
969 2647 974 2670 ‚
1008 2618 1248 2668 principibus
1290 2617 1428 2654 tradito
1477 2615 1661 2653 ultionem
1697 2615 1737 2654 in

201 2673 283 2702 tum
305 2665 341 2702 in
374 2674 451 2703 not.
469 2675 506 2704 ct
537 2670 682 2708 (mend
711 2672 758 2708 ad
789 2671 932 2708 Annal.
1009 2679 1215 2720 posterum,
1235 2679 1272 2708 et
1303 2678 1388 2720 post
1426 2677 1584 2708 mortem
1621 2670 1738 2708 etium

203 2731 266 2757 xl
279 2723 343 2757 23.
1013 2724 1200 2774 Principis
1232 2724 1306 2761 cxi
1296 2725 1468 2773 ὃνῃωὶἀὲιιι),
1499 2722 1739 2774 praecipuum

255 2769 273 2787 ²
292 2772 451 2810 Nullam
472 2775 615 2812 caeclem.
671 2776 803 2813 Allato
821 2778 935 2815 ctiam
1010 2791 1085 2814 esst¹
1101 2777 1147 2814 ad
1178 2785 1398 2828 piaesenttm
1422 2775 1610 2827 regnantis
1633 2789 1742 2815 secu·

203 2825 341 2864 Galbae
370 2826 508 2876 capito,
532 2827 759 2879 zor-iferutus
765 2830 933 2880 fertur.-
1014 2831 1161 2868 ritzwttm
1191 2831 1485 2868 munimentum.
1531 2830 1616 2868 Jam
1653 2825 1741 2868 ante

204 2880 291 2917 Hoc
319 2878 508 2926 nihilat,
544 2871 939 2928 Commilit011es;Pi
1011 2884 1160 2921 dixerat
1177 2896 1265 2935 cap.
1298 2888 1363 2921 40
1389 2883 1531 2928 Scelus,
1560 2884 1667 2934 czgjus
1685 2882 1744 2922 nl·

201 2933 300 2970 sonis
327 2932 415 2970 mihi
448 2940 561 2985 capue
588 2936 783 2975 ostendite.
836 2937 939 2977 'Ana-
1011 2943 1072 2976 tor
1089 2943 1145 2975 est
1164 2937 1327 2990 quisquis
1345 2937 1533 2976 successit.
