1760 3210
102 164 285 216 aleae.
465 134 857 208 msTORIARUM
885 165 1049 205 LIBER
1076 165 1334 213 QUINTUS.
1567 170 1646 218 347

106 277 139 305 '‘
170 263 373 325 bratam‘
384 282 591 340 gentem,
629 270 827 322 conditae
863 269 967 320 urbi
999 269 1376 336 Hierosolymam
1407 257 1582 323 nomen
1617 272 1647 324 ὃ

107 356 141 381 “
171 369 260 402 suo
280 350 486 404 fecisse.”

171 515 220 558 3.
250 507 492 557 Pmmm
510 506 752 555 auctores¹
775 494 1082 564 consentiunt,
1107 509 1141 532 “
1159 503 1262 552 orta
1283 521 1369 569 per
1384 505 1648 571 AEgyptum

105 589 137 613 “
169 585 293 644 tabe,
337 601 444 650 quae
483 599 680 648 corpora
723 580 940 641 foedaret,
978 597 1139 647 regem
1178 582 1478 643 Bocchorim,
1522 583 1647 633 adito

105 662 444 712 “Hammonis
466 661 696 720 oraculo‚²
731 650 990 709 remedium
1022 670 1275 724 petentem,
1310 676 1512 726 purgare
1541 677 1648 728 reg-

102 745 134 768 “
165 757 300 799 num,
322 751 370 788 et
402 739 451 788 id
482 755 631 817 genus
652 737 914 796 hominum,
953 747 1006 785 ut
1052 736 1252 787 invisum
1289 737 1422 796 Deis,
1458 737 1566 787 alias
1598 739 1650 787 in

103 821 136 847 “
150 830 314 867 terras
352 798 549 864 avehere
578 818 774 882 jussum.
843 815 920 864 Sic
955 813 1266 879 conquisitum
1306 815 1650 880 collectumque

87 896 135 923 '“
165 895 354 961 vulgus,
387 893 636 960 postquam
658 893 794 941 vastis
827 891 969 941 locis³
1004 892 1220 941 relictum
1242 891 1327 952 sit3
1367 892 1530 940 ceteris
1563 907 1650 957 per

103 977 133 1000 ‘⁴
167 973 393 1039 lacrymas
425 971 726 1036 torpentibus,
763 972 951 1030 Mosen,
974 984 1136 1019 unum
1152 970 1364 1043 exulum,
1398 970 1649 1030 monuisse,

103 1054 134 1078 ‘⁸
166 1067 227 1099 ne
250 1066 391 1115 quam
413 1048 630 1097 Deorum
656 1049 957 1097 hominumve
980 1065 1118 1112 opem
1152 1058 1465 1112 expectarent,
1489 1047 1649 1095 utrim-

103 1132 134 1155 '‘
168 1144 261 1193 que
305 1126 506 1186 deserti3
548 1127 630 1174 sed
674 1116 872 1186 sibimet,
911 1137 964 1174 ut
1002 1125 1110 1174 duci
1149 1125 1343 1183 coelesti,
1388 1124 1648 1185 crederent,

101 1210 133 1235 ‘⁴
164 1205 315 1270 primo
356 1206 487 1270 cujus
524 1204 697 1252 auxilio
710 1207 730 1234 ⁴
772 1208 1022 1269 ‘praesentes
1066 1203 1270 1251 miserias
1312 1196 1655 1266 pepulissent.’‘

99 1281 381 1340 Adsensere,
417 1292 555 1346 atque
585 1281 797 1330 omnium
831 1281 978 1348 ignari
1013 1279 1256 1328 fortuitum
1285 1279 1373 1328 iter
1407 1279 1644 1344 incipiunt.

97 1360 192 1410 sed
218 1358 331 1406 nihil
367 1357 522 1422 aeque,
562 1358 707 1423 quam
749 1359 904 1423 inopia
938 1361 1107 1423 aquae,⁵
1137 1357 1368 1424 fatigabat.
1451 1358 1648 1423 Jamque

94 1436 221 1490 haud
255 1436 420 1501 procul
456 1435 615 1496 exitio,
651 1437 757 1485 totis
791 1437 964 1501 campis
989 1438 1352 1501 procubuerant,
1376 1435 1491 1484 esi-m
1518 1452 1647 1501 grex

93 1514 329 1564 asinorum
363 1510 650 1579 agrestium‚⁶
682 1514 709 1563 ὲ
740 1527 873 1580 pastu
906 1516 956 1564 in
993 1532 1177 1581 rupem,
1201 1531 1393 1564 nemore
1415 1515 1645 1579 opacam,⁷

154 1697 169 1717 ¹
199 1696 363 1737 Plurimi
376 1705 561 1738 auctores.
595 1700 658 1738 Ex
675 1702 721 1739 iis
738 1713 831 1740 auc·

101 1751 261 1799 toribus,
288 1751 521 1791 multisane
546 1755 708 1805 periere:
740 1768 831 1794 non—

99 1805 199 1845 nulli
217 1813 344 1844 tamen
363 1806 494 1845 adhuc
514 1815 680 1854 manent,
697 1810 830 1860 quales

100 1860 326 1898 Chaeremon
358 1867 397 1898 et
436 1860 690 1911 Lysimachus
725 1864 829 1914 apud

99 1908 125 1952 J
126 1915 323 1964 osephum
333 1913 357 1953 J
362 1923 510 1952 ustinus
520 1927 569 1952 ex
581 1916 705 1967 Trogo
719 1918 831 1955 Pom-

99 1968 201 2019 peio,
220 1968 414 2005 Diodorus
433 1968 613 2007 Siculus
604 1982 643 2008 m
664 1970 829 2022 Eclogis‚

100 2021 169 2072 qui
194 2013 336 2059 similia
361 2022 629 2061 absurdiorave
656 2025 831 2075 prodide-

99 2082 203 2114 runt.
261 2075 353 2121 Qua
387 2076 434 2112 de
467 2089 505 2112 rc
538 2078 625 2115 vide
654 2085 746 2116 ·.not
791 2087 830 2117 et

99 2129 248 2166 emend.
267 2129 316 2166 ad
333 2129 433 2167 Hist.
452 2140 491 2166 v.
510 2133 550 2166 3.

150 2179 170 2198 ²
197 2182 418 2221 Hammonis
454 2184 619 2221 oraculo.
661 2184 721 2222 De
751 2197 828 2235 quo

100 2234 334 2287 Pomponius
362 2235 686 2283 Mela,1.s.1n
717 2238 831 2290 Cyre-

97 2289 209 2337 naica
247 2289 467 2328 Hammonis
505 2292 707 2337 oraculum,
729 2294 831 2342 fidei

97 2342 269 2393 inclyta&
287 2353 325 2382 et
339 2344 498 2389 Plinius,
518 2356 558 2381 v.
573 2349 613 2389 9.
642 2345 829 2397 ,Memphis

97 2397 278 2448 quondam
294 2410 365 2435 arx
383 2398 542 2450 AEgypti
556 2412 711 2449 regum:
732 2402 830 2438 unde

93 2450 146 2487 ad
165 2450 386 2489 Hammonis
405 2453 595 2489 oraculum
616 2451 722 2491 XII.
752 2454 829 2491 die-

93 2513 178 2540 rum
195 2504 271 2542 iter
290 2511 358 2542 est.
415 2505 534 2553 Loco,
553 2506 621 2542 ubi
641 2505 735 2550 olim
754 2507 829 2545 fuit

95 2557 311 2603 oraculum,
334 2571 436 2608 nune
454 2571 592 2596 nomen
610 2573 688 2596 esse
706 2561 828 2597 credi-

95 2608 172 2653 tur,
190 2609 397 2649 Sunt-rich.

150 2659 167 2684 ²
199 2664 327 2703 Vastis
363 2665 468 2704 locis.
506 2666 644 2705 Vastis
672 2668 828 2705 Arabiae

94 2715 212 2761 locis;
242 2727 287 2757 ut
315 2720 417 2769 recte
445 2719 617 2770 explicat
646 2721 830 2759 Tertulli·

94 2781 210 2808 anus.
202 2785 211 2793 ·
243 2784 358 2822 quem
376 2773 464 2810 vide
477 2775 575 2812 inter
590 2773 831 2813 Testimonia

20 2867 22 2871 Λ
95 2824 298 2864 Veterum

146 2874 167 2899 ⁴
213 2878 341 2918 Primo
387 2894 494 2932 crgyus
538 2882 689 2921 ααητίἰὶο
738 2882 832 2920 Inde

95 2931 198 2971 recte
212 2934 341 2984 arguit
360 2934 519 2974 Orosius
537 2937 729 2987 quaedam,
747 2949 832 2988 quae

905 1701 1035 1739 Moses
1049 1699 1202 1741 strenue
1219 1700 1365 1750 egisset,
1389 1697 1412 1735 ὲ
1431 1697 1570 1736 Tacito
1589 1697 1649 1735 fu-

903 1756 975 1794 isse
1007 1756 1144 1794 celata.
1200 1753 1302 1790 Vide
1337 1753 1520 1791 Orosium
1551 1752 1650 1790 inter

902 1809 1136 1848 Testimonia
1153 1807 1353 1845 Veterum.

958 1862 972 1884 ⁵
1003 1862 1140 1914 Inopia
1165 1874 1280 1912 aquoe.
1337 1860 1433 1898 Haec
1460 1868 1516 1899 est
1538 1872 1649 1910 aquae

902 1916 1046 1968 inopia,
1066 1928 1182 1966 quam
1201 1922 1388 1952 memorat
1409 1914 1551 1961 Moses,
1572 1915 1651 1952 Ex-

902 1971 966 2008 od.
987 1983 1061 2008 xv.
1080 1974 1145 2010 23.

956 2018 974 2041 ⁶
1003 2024 1109 2063 Grex
1125 2023 1311 2062 asinorum
1329 2022 1547 2074 agrestium.
1603 2020 1648 2059 Id

902 2085 1094 2129 repertum
1130 2077 1291 2121 videtur,
1334 2086 1379 2114 ut
1414 2076 1498 2114 laus
1527 2075 1648 2113 Mosis

903 2132 1147 2177 detereretur,
1173 2139 1211 2168 et
1239 2129 1373 2167 fabula
1392 2130 1465 2167 Dei
1486 2129 1649 2175 Asinini,

903 2186 951 2223 de
967 2186 1046 2237 qua
1066 2199 1155 2223 mox
1189 2185 1351 2227 dicetur,
1379 2190 1504 2235 posset
1538 2184 1650 2220 ador-

903 2241 998 2277 nari.
1019 2274 1022 2278 ,
1055 2240 1100 2277 ln
1118 2239 1192 2276 hoc
1212 2238 1454 2275 mendacium
1486 2243 1648 2284 traxere,

903 2294 1007 2343 quod
1024 2292 1117 2330 alibi
1139 2300 1176 2330 et
1193 2292 1320 2330 multo
1338 2291 1427 2328 ante
1447 2291 1648 2341 contigisse

904 2355 1120 2384 narraverat
1175 2346 1254 2397 ipse
1311 2345 1450 2389 Moses,
1509 2345 1648 2383 Genes.

905 2412 1060 2438 xxxvr.
1080 2405 1144 2438 24.
1201 2400 1284 2436 Iste
1304 2403 1360 2435 est
1381 2399 1482 2444 Ana,
1510 2399 1574 2449 qui
1590 2399 1649 2437 in·

903 2455 1005 2492 venit
1042 2467 1157 2505 aquas
1192 2453 1334 2490 calidas
1367 2452 1406 2489 in
1433 2452 1649 2499 solitudine,

899 2508 980 2547 crim
1006 2512 1181 2558 pasceret
1207 2507 1329 2544 asinos
1353 2505 1493 2547 Sebeon
1519 2506 1654 2557 patris·

901 2574 973 2600 sut.

919 2637 928 2643 ,
957 2612 970 2634 ⁷
991 2615 1155 2653 Nemore
1172 2628 1336 2666 opacam.
1373 2614 1425 2666 'In
1440 2611 1517 2651 hac
1537 2625 1647 2664 rupe,

901 2681 1052 2706 nemore
1076 2669 1211 2719 opaca,
1241 2669 1430 2719 largisque
1455 2679 1646 2717 aquarum

902 2724 1017 2768 venis,
1045 2735 1209 2773 pronum
1236 2730 1293 2760 est
1322 2734 1523 2773 agnoscere
1552 2721 1649 2758 duo-

901 2777 1027 2813 decim
1061 2777 1179 2814 fontes
1211 2789 1401 2826 aquarum
1429 2783 1469 2812 et
1494 2783 1648 2825 septua-

902 2832 1009 2879 ginta
1035 2829 1196 2880 palmas,
1225 2842 1321 2881 quas
1351 2829 1519 2875 Hebraei,
1547 2830 1648 2866 duce

904 2884 1028 2930 Mose,
1068 2884 1107 2921 in
1146 2884 1247 2922 Elim
1282 2895 1464 2935 reperere.
1521 2882 1648 2920 Exod.

902 2950 970 2976 XV.
992 2935 1045 2979 26
1062 2946 1100 2977 et
1117 2942 1184 2983 27.
1237 2937 1456 2977 Palmetum
1482 2936 1581 2974 illud
1609 2937 1647 2974 in
