1786 3204
59 155 162 217 ae.
181 173 254 222 σος
372 173 762 215 ffls'romAmm
791 173 955 214 mma
983 173 1290 217 SECUNDUS.
1528 185 1604 222 135

55 291 191 333 more
230 271 567 345 spectabantur.
636 280 708 327 Ut
759 283 792 331 f‘
821 278 1006 327 cessisse
1042 278 1138 328 vita
1178 278 1437 342 Othonem,
1482 295 1529 332 et
1573 285 1603 335 ᾖ,

59 363 101 397 ‘³‘-
112 358 270 408 Flavio
292 358 479 416 Sabino,
493 351 714 421 praefecto
736 356 898 415 Urbis,
922 357 1050 421 quod
1068 369 1164 404 erat
1185 357 1234 404 in
1251 360 1385 407 Urbe
1402 350 1602 410 militum

61 439 92 466 ‘⁴
112 446 399 483 sacramento
425 435 595 483 Vitellii
627 435 893 492 adactum‚”
918 434 1029 482 certi
1059 446 1269 484 auctores
1290 436 1339 483 in
1367 433 1605 487 theatrum

58 513 328 571 attulerunt,
363 513 547 560 Vitellio
570 512 806 576 plausere:
844 497 1061 575 populus,
1099 529 1208 559 cum
1230 513 1364 561 lauru
1396 531 1450 563 ac
1480 515 1604 569 flori*

59 591 166 650 bus,
216 590 387 638 Galbae
428 589 650 653 imagines
694 589 869 636 circum
914 588 1085 652 templa
1123 590 1244 648 tulit,
1288 592 1517 657 congestis
1553 591 1605 642 in

58 668 256 717 modum
288 666 455 714 tumuli
490 666 688 723 coronis,
718 667 851 730 juxta
890 665 1043 717 lacum
1075 666 1246 725 Curtii,
1271 686 1421 731 >quem
1443 670 1603 718 locum

58 745 216 794 Galba
238 744 438 792 moriens
454 743 675 808 sanguine
690 740 942 789 infecerat.¹
999 744 1052 788 In
1075 754 1252 802 senatu,
1270 758 1435 793 cuncta
1452 747 1604 813 longis

57 821 255 872 aliorum
268 815 592 885 principatibus
609 819 861 882 composita
874 818 1024 866 statim
1036 814 1384 870 decernuntur.2
1413 825 1604 884 Additae

61 904 97 927 “
112 916 231 964 erga
261 899 566 948 Germanicos
588 897 818 945 exercitus
850 897 1025 956 laudes,
1057 908 1300 963 gratesque
1316 900 1367 947 :⁹⁹
1392 912 1438 948 et
1468 901 1605 951 missa

60 976 246 1043 legatiO,
282 994 388 1041 quae
422 975 591 1041 gaudio
627 973 914 1039 fungeretur.
987 974 1210 1023 Recitatae
1246 977 1371 1026 Fabii
1398 979 1605 1028 Valentis

61 1055 266 1120 'epistolae
310 1055 368 1102 ad
412 1053 624 1101 consules
667 1051 847 1115 scriptae
888 1052 1013 1103 haud
1056 1053 1388 1105 immoderate:
1429 1056 1605 1123 gratior

62 1132 265 1183 caecinae
286 1132 508 1179 modestia
527 1130 631 1189 fuit,
666 1131 798 1195 quod
820 1145 917 1182 non
937 1129 1201 1195 scripsisset.

131 1293 212 1336 56.
245 1286 519 1347 *CETERUM
544 1285 669 1334 Italia
691 1284 880 1351 gravius
901 1296 1039 1350 atque
1060 1285 1282 1345 atrocius,
1315 1286 1459 1352 quam
1480 1288 1607 1338 bello

62 1365 407 1417 adflictabatur:
442 1364 632 1428 dispersi
665 1379 749 1428 per
778 1363 1023 1427 municipia
1053 1374 1099 1411 et
1128 1364 1329 1412 colonias
1359 1364 1607 1425 Vitelliani,

61 1443 276 1508 spoliare,
307 1458 487 1506 rapere,
519 1440 566 1488 vi
587 1452 634 1488 et
655 1441 822 1504 stupris
848 1441 1086 1504 polluere:
1121 1440 1170 1488 in
1191 1457 1331 1489 omne
1360 1440 1431 1490 fas
1459 1442 1609 1492 nefas-

62 1538 157 1585 que
176 1519 314 1578 avidi,
347 1519 427 1566 aut
448 1519 648 1578 venales,
681 1534 776 1566 non
798 1535 948 1578 mero,
970 1530 1066 1566 non
1088 1517 1284 1583 profano
1304 1519 1606 1570 abstinebant.

62 1598 126 1647 Et
157 1596 307 1656 fuere,
334 1596 421 1661 qui
458 1596 664 1645 inimicos
695 1613 802 1645 suos
840 1597 992 1662 specie
1023 1597 1222 1645 militum
1264 1597 1605 1651 interficerent:

61 1674 241 1740 ipsique
262 1674 444 1733 milites,
465 1673 710 1739 region-um
733 1674 882 1739 gnari,
912 1673 1107 1723 refertos
1128 1691 1282 1740 agros,
1316 1675 1431 1723 dites
1459 1675 1609 1723 domi-

61 1767 148 1803 nos
181 1751 231 1799 in
264 1751 488 1815 praedam,
534 1762 614 1798 aut
657 1751 694 1799 si
737 1763 1050 1817 repugnatum
1084 1750 1223 1812 foret,
1272 1752 1333 1800 ad
1369 1752 1606 1815 excidium

61 1829 365 1888 destinabant,
399 1826 617 1877 obnoxiis
661 1829 889 1889 ducibus‚³
936 1841 982 1877 et
1024 1830 1272 1894 prohibere
1314 1846 1413 1878 non
1455 1830 1606 1879 ausisz

59 1906 220 1957 minus
240 1907 436 1954 avaritiae
452 1906 500 1954 in
517 1907 724 1966 Caecina,
747 1908 852 1972 plus
874 1907 1158 1956 ambitionis:
1183 1908 1372 1966 Valem,
1394 1908 1456 1955 ob
1479 1907 1610 1957 luera

57 1996 109 2036 et
131 1996 333 2049 quaestus
353 1982 551 2043 infamis,
573 1985 727 2048 eoque
748 1985 908 2034 alienae
938 1984 1076 2033 etiam
1106 1984 1256 2049 culpae
1283 1984 1607 2037 dissimulator.

63 2064 166 2112 Jarn
186 2061 367 2126 pridem
387 2061 546 2110 attritis
563 2063 703 2111 Italiae
726 2064 883 2123 rebus,
905 2074 1085 2113 tantum
1106 2052 1348 2127 peditum*
1378 2061 1608 2128 equitum.-

62 2155 174 2205 que,
206 2139 292 2198 vis,
326 2139 602 2204 damnaque,
635 2151 682 2188 et
702 2139 899 2205 injuriae,
933 2139 1060 2206 aegre
1082 2140 1410 2191 tolerabantur.

131 2299 210 2345 57.
246 2294 482 2342 INTERIM
507 2293 735 2356 VitelliuS,
764 2293 968 2357 victoriae
991 2311 1087 2344 suae
1109 2294 1307 2357 nesciuS,
1333 2304 1387 2343 ut
1411 2293 1472 2342 ad
1494 2291 1608 2342 inte-

68 2513 227 2566 Aprilis.
282 2513 382 2552 Vide
412 2527 498 2565 quae
527 2515 574 2553 de
605 2516 663 2554 his
697 2517 799 2555 ludis
869 2530 991 2556 omnes
1009 2515 1228 2566 Principum
1247 2513 1415 2554 bonores.

65 2568 237 2606 diximus
256 2581 372 2619 supra
390 2568 531 2607 Annal.
552 2582 625 2608 xv.
644 2574 709 2609 53.
924 2567 940 2592 ³
961 2570 1137 2609 obnoxiis
1162 2568 1328 2607 ducibus.
1356 2567 1534 2607 Militum
1561 2566 1608 2605 li

872 2625 996 2662 bidini
1032 2624 1382 2673 obtemperantibus
1427 2621 1607 2668 ducibus,

124 2672 138 2690 ¹
185 2673 376 2727 Sanguine
423 2675 619 2728 inficeret.
676 2678 802 2729 Supra
873 2691 1040 2727 quorum
1077 2678 1231 2715 fortuna
1273 2688 1441 2739 opesque
1478 2687 1608 2713 omnes

69 2726 172 2766 Ilist.
191 2740 222 2766 1.
241 2733 308 2766 41.
870 2732 953 2769 sitae
974 2739 1081 2769 erant
1108 2731 1147 2768 in
1175 2730 1366 2770 exercitus
1395 2729 1534 2776 favore,
1562 2735 1608 2767 ut

52 2806 62 2815 .
121 2778 142 2797 ²
157 2780 297 2820 Statim
313 2783 576 2822 decernuntur.
602 2783 669 2821 Sic
686 2797 804 2836 supra
874 2785 978 2823 recte
996 2785 1167 2836 explicat
1187 2784 1335 2821 Illustr.
1354 2783 1535 2821 Huetius.

68 2834 116 2871 dc·
135 2835 301 2882 Othone,
318 2836 420 2874 Hist.
440 2849 470 2874 1.
489 2841 555 2881 47.
584 2838 661 2874 Act
656 2844 804 2877 vrmmt
926 2836 947 2859 ⁴
965 2836 1127 2877 Tantum
1141 2837 1324 2888 peditum.
1342 2837 1488 2875 Tantus
1501 2834 1609 2889 ‚pedi-

62 2894 209 2938 patres,
222 2889 439 2928 decernitur
451 2890 589 2928 Othoni
605 2890 806 2929 tribunicia
877 2899 962 2931 tum
979 2892 1234 2944 equitumque
1251 2903 1446 2930 numerus,

51 2947 246 2994 'potr-stas,
290 2949 328 2982 et
375 2955 502 2982 nomen
544 2945 725 2996 Augusti,
768 2950 806 2984 et
