1760 3210
179 96 181 98 .
234 71 250 88 N

79 157 120 199 J.·
137 158 183 197 C.
204 159 270 202 70.

70 261 247 321 ariete,¹
279 260 408 310 velut
450 260 499 309 in
542 261 871 310 contumeliam
916 261 1228 310 Hammonis.²

72 338 359 399 immolatur,
393 354 535 404 quem
561 340 770 406 AEgyptii
793 336 920 404 Apin
934 342 948 368 ³
986 340 1160 388 colunt.

408 155 803 197 IIISTORIARUM
820 154 993 196 ‘LIBER
1023 156 1283 204 QUINTUS.

1551 166 1631 208 349

1289 262 1406 310 *Bos>
1439 281 1629 329 quoque

1212 359 1213 362 ¹
1230 341 1326 388 Sue
1361 340 1630 401 abstinent,⁴

64 415 304 464 ‘memoria
334 417 508 476 cladis,
544 418 638 482 qua
673 418 796 482 ipsos
835 417 1008 465 scabies
1024 420 1038 446 ⁵
1075 416 1330 482 quondam-
1349 429 1630 482 turpaverat,

76 493 152 541 cui
186 494 234 542 id
269 494 435 543 animal
481 496 753 543 obnoxium.
824 497 1038 561 Longam
1085 496 1195 543 olim
1239 494 1412 544 famem
1456 498 1632 545 crebris

76 571 229 619 adhuc
240 569 453 638 jejuniis⁶
474 571 690 620 fatentur.
727 573 788 621 Et
812 584 1046 636 raptarum
1068 571 1261 638 frugum
1283 585 1630 638 argumentum,

103 759 146 799 [¹
176 759 280 799 Caeso
306 761 437 799 ariete.
495 761 592 799 Haec
620 761 743 807 meris,
772 767 816 798 ut

77 821 195 866 patet,
240 815 496 864 conjecturis,
532 817 673 865 quibus
717 815 814 853 nihil

76 869 266 915 fallacius,
294 869 483 907 nituntur.
540 870 690 921 Nempe
709 869 813 919 quod

75 923 230 973 Jupiter
247 923 441 960 Hammon
460 924 663 961 arietinum
693 936 812 963 cornu

76 977 246 1022 haberet,
274 977 360 1014 inde
381 978 418 1014 in
437 977 520 1027 ejus
538 978 812 1015 contumeliam

75 1044 216 1070 caesum
246 1030 270 1068 ὰ
296 1031 442 1069 Judoeis
472 1032 627 1070 arietem
659 1032 813 1069 finxere.

76 1086 141 1124 Sic
172 1082 586 1132 bovem'immolatum,
614 1086 720 1136 quod
746 1086 811 1123 AE·

74 1139 195 1190 gyptii
227 1140 359 1176 bovem
378 1141 483 1190 Apin
514 1140 694 1186 colerent,
723 1153 808 1190 pro-

75 1194 269 1231 diderunt.
325 1192 456 1237 Quum
476 1193 558 1232 haec
578 1207 674 1231 vana
702 1194 811 1231 falsa-

77 1261 152 1297 que
179 1248 254 1284 sint
282 1246 403 1297 liquet
419 1261 467 1291 ex
485 1247 695 1294 sacrificiis,
722 1261 809 1298 quae

75 1301 190 1347 Abel,
222 1302 305 1338 Noe
335 1301 493 1350 aliique,
523 1303 659 1340 Genvs.
685 1314 745 1339 1v.
769 1306 808 1339 4.

75 1368 174 1393 vm.
215 1358 281 1393 20.
321 1355 507 1401 obtulere,
553 1356 643 1394 cum
685 1369 808 1406 neque

75 1410 282 1453 Hammon,
327 1422 450 1459 neque
480 1409 578 1462 Apis
615 1418 736 1448 essent
770 1411 810 1448 in

72 1476 198 1501 rerum
219 1463 372 1501 natura.

127 1514 146 1533 ²
173 1510 408 1556 Ha'mmonis.
464 1517 683 1555 Cornutum
704 1517 810 1556 Jovis

2 1583 7 1587 ’
74 1571 302 1610 Hammonis
333 1577 452 1621 caput
486 1571 624 1621 passim
653 1573 808 1610 obvium

72 1626 110 1663 in
131 1626 402 1676 Cyrenaeorum
422 1624 600 1663 nummis.
657 1628 710 1663 At
737 1626 811 1663 sin-

51 1682 59 1690 '
71 1679 243 1729 gularem
252 1679 442 1717 Faustinae
449 1678 580 1717 matris
591 1693 809 1727 nummum,

70 1733 111 1771 in
152 1734 266 1783 cujus
302 1732 433 1771 aversa
460 1738 582 1783 ‘parte
618 1741 674 1771 est
708 1734 806 1772 illud

71 1787 298 1825 Hammonis
305 1793 480 1838 caput,et
489 1787 623 1824 infraA
633 1794 672 1824 M
682 1794 720 1824 M
730 1786 808 1834 asi«,

68 1841 233 1892 protulit
259 1841 320 1880 Cl.
352 1841 528 1888 Pellem),
557 1840 737 1892 Il1e‘lange
765 1843 809 1880 de

70 1895 235 1934 diverses
263 1894 476 1941 Medailles,
505 1894 580 1932 vol.
611 1906 641 1932 1.
662 1909 710 1946 Ι).
741 1900 807 1935 25.

72 1950 133 1987 De
164 1950 390 1988 Hammonis
422 1962 543 1987 cornu
578 1949 738 2000 ejusque
770 1951 806 1987 vi

70 2004 230 2049 Plinius,
260 2015 439 2041 xxxvu.
467 2007 528 2041 10.
584 2003 805 2041 Hammonis

67 2071 184 2096 cornu
201 2058 302 2095 inter
319 2057 592 2096 sacratissimas
604 2058 805 2107 AEthz'opiae

15 2116 20 2118 ⁷
63 2125 240 2163 gemmas,
267 2125 380 2150 aureo
400 2111 534 2158 colore,
552 2111 706 2149 arietini
723 2125 804 2149 cor-

66 2165 137 2204 mis
171 2165 324 2216 effigiem
360 2165 539 2211 reddens,
562 2165 803 2215 promittitur

59 2219 271 2271 proedivina
286 2218 426 2257 somnia
444 2223 724 2269 reproesentare.

119 2268 136 2292 ³
148 2273 264 2324 Apin.
294 2273 539 2334 Praecipuum
554 2271 659 2310 urbis
678 2272 801 2310 'Mem-

4 2330 7 2332 ‘
58 2326 152 2377 ‹phis
167 2339 331 2365 numen·
361 2327 475 2377 cujus
492 2326 798 2377 superstitionem

65 2380 181 2422 olim
171 2381 311 2419 imitati
321 2381 343 2419 J
349 2380 448 2418 udaei
459 2379 624 2418 vitulum
637 2392 797 2418 aureum

66 2434 290 2473 conflavero.
320 2435 446 2473 Exod.
464 2445 614 2472 xxxu.
631 2438 671 2472 4.
701 2435 798 2484 Apis

65 2488 241 2538 frequens
261 2487 432 2527 occurrit
449 2488 488 2524 in
506 2488 528 2526 J
535 2487 655 2525 uliani
675 2488 800 2539 Impe-

65 2543 200 2580 ratoris
227 2542 406 2580 nummis.
461 2541 502 2579 Si
517 2541 564 2579 de
582 2541 662 2592 Api
683 2542 799 2592 plura

64 2595 241 2643 volueris,
267 2597 353 2634 vide
372 2596 626 2641 Herodotum,
646 2607 716 2634 111.
734 2599 799 2634 28.

65 2663 104 2700 p.
122 2653 212 2693 170.
232 2650 414 2695 Plinium,
441 2661 541 2687 vlu.
559 2652 626 2692 47.

100 2701 138 2740 „⁴
162 2703 239 2743 Sue
271 2705 472 2743 abstinent.
526 2704 625 2742 Haec
657 2709 801 2741 cetera-

62 2768 139 2806 que
173 2770 221 2795 ex
258 2756 485 2808 conjecturs
520 2757 651 2802 dicta,
681 2765 798 2807 atque

61 2811 174 2851 falsa„
221 2812 311 2850 Non
329 2825 397 2851 sue
414 2810 578 2858 tantum,
600 2811 664 2849 sed
682 2812 798 2849 etiam

61 2865 257 2915 sanguine,
298 2864 521 2911 morticinis,
559 2864 798 2915 quampluri-

62 2919 135 2958 mis
150 2919 265 2961 etiam
283 2921 430 2969 avibus,
449 2919 633 2971 piscibuS,
657 2919 800 2959 anima-

824 2749 828 2755 *
872 2758 1014 2797 Judaei.

887 759 1004 806 libus,
1029 759 1147 809 juxta
1177 759 1275 809 leges
1311 759 1470 798 Levitic.
1503 774 1552 799 xt
1585 767 1625 800 et

889 825 1001 851 xvu.
1021 814 1208 852 abstinent
1224 813 1364 852 Judaei.
1422 815 1467 852 Id
1492 823 1623 854 autem

887 869 1044 909 vetitum
1076 868 1149 905 Dei
1179 868 1432 919 providentiki,
1460 869 1527 919 qui
1558 883 1624 920 po-

886 922 966 972 puli
987 923 1044 959 sui
1063 922 1177 959 saluti
1209 921 1446 960 consulebat.
1504 923 1625 960 Ncm-

885 989 943 1026 pe,
956 976 1112 1014 utrocte
1125 975 1622 1022 observateruditusMead,
1627 1010 1631 1014 ,

887 1030 1041 1068 Medica
1067 1044 1190 1076 sacra,
1218 1043 1304 1080 cap
1325 1035 1363 1068 2.
1382 1044 1419 1080 Ι).
1442 1035 1503 1074 17.
1529 1031 1622 1068 cum

886 1085 923 1121 in
943 1084 999 1121 his
1019 1097 1049 1121 c
1042 1085 1267 1122 tlidioribus
1293 1084 1521 1144 regionibus,
1550 1085 1621 1122 nisi

886 1146 1070 1176 accurata
1094 1139 1141 1175 sit
1169 1137 1293 1177 victus
1321 1138 1433 1183 ratio,
1461 1151 1625 1188 corpora

886 1186 1035 1242 leprosa
1069 1192 1196 1231 scabie
1235 1192 1347 1230 facile
1388 1192 1621 1239 inficiantur,

884 1247 1088 1285 interdicta
1114 1250 1201 1284 sunt
1219 1246 1363 1285 Judaeis
1388 1246 1622 1285 nutrimenta
1664 1279 1667 1283 ,

884 1314 1021 1347 crassa,
1050 1313 1134 1351 quae
1156 1301 1194 1338 in
1212 1300 1366 1346 morbis,
1393 1300 1460 1350 qui
1488 1309 1619 1338 cutem

884 1367 954 1392 occ
962 1369 981 1392 u
988 1364 1091 1405 pant,
1099 1356 1107 1392 i
1115 1367 1223 1392 neom
1230 1355 1342 1392 moda
1349 1362 1482 1392 suntet
1492 1355 1620 1398 noxia.

884 1409 948 1447 Sic
976 1409 1066 1458 legis
1095 1416 1286 1459 praecepta
1315 1421 1390 1446 non
1417 1409 1531 1446 modo
1548 1409 1623 1447 Ju-

885 1462 984 1500 daeos
1002 1465 1050 1500 ab
1070 1461 1287 1500 idololatris
1304 1470 1342 1500 et
1362 1462 1467 1500 vanis
1494 1463 1622 1514 religi-

882 1517 1019 1555 onibus
1037 1518 1267 1562 avertebant,
1290 1517 1353 1554 sed
1372 1518 1421 1553 ab
1439 1518 1618 1555 omnibus

883 1584 1038 1621 quoque
1078 1571 1330 1617 immunditiis
1371 1583 1486 1621 puros
1531 1572 1619 1609 illos

881 1626 1124 1675 praestabnnt.

937 1677 948 1698 ⁵
981 1679 1143 1716 Scabies.
1200 1679 1353 1716 Scabies
1376 1678 1444 1715 illa
1461 1687 1517 1716 est
1535 1678 1625 1729 ipsa-

881 1733 999 1783 lepra,
1015 1746 1129 1782 quarn
1146 1732 1432 1774 accuratissime
1450 1733 1617 1783 descrip-

881 1787 930 1824 sit
961 1788 1101 1832 Moses‚
1132 1787 1291 1824 Levitic.
1322 1799 1424 1824 xnx.
1456 1794 1494 1824 et
1523 1799 1618 1825 xw.

880 1854 949 1879 nec
979 1842 1170 1891 quondam
1191 1841 1341 1879 tantum
1357 1841 1514 1879 Judaeos
1535 1850 1618 1878 tur-

880 1900 1048 1946 pavemt,
1075 1895 1139 1932 sed
1157 1894 1214 1932 illi
1234 1897 1366 1933 inorbo
1389 1894 1495 1932 fuere
1519 1907 1616 1932 sem-

879 1962 946 1999 per
971 1949 1143 1994 obnoxii,
1172 1949 1265 1986 dum
1284 1963 1346 1987 eas
1363 1949 1530 1998 regiones
1557 1949 1617 1986 in-

882 2003 1053 2040 coluere.
1073 2003 1293 2052 quinetiam
1311 2003 1424 2041 hodie
1441 2002 1616 2052 frequens
1672 2038 1678 2048 ,

879 2064 934 2094 est
952 2057 988 2094 in
1010 2055 1122 2108 Syria
1149 2064 1186 2094 ct
1209 2059 1387 2109 ffigypto,
1416 2064 1460 2094 ut
1487 2057 1615 2094 videre,

877 2118 933 2148 est
949 2113 1055 2162 apud
1080 2111 1275 2150 eruditum
1295 2111 1427 2158 Mead,
1456 2109 1532 2148 loc.
1548 2111 1617 2151 cit.

879 2178 919 2215 p.
942 2170 1004 2202 12.

931 2215 949 2236 ⁶
977 2217 1129 2257 Crebri-s·
1156 2218 1276 2257 adhuc
1288 2218 1467 2268 jejuniis.

875 2273 945 2310 bra
971 2273 1126 2323 quidem
1149 2279 1256 2310 erant
1273 2272 1499 2310 Judaeorum
1511 2272 1617 2322 jeju-

873 2326 952 2373 hia,
971 2327 1159 2378 siquidem
1178 2327 1216 2363 in
1235 2326 1409 2364 ,Iudaicis
1424 2326 1614 2365 Calenda-

876 2381 938 2418 riis
956 2394 1002 2418 ne
1021 2394 1120 2418 unus
1148 2380 1303 2431 quidem
1336 2380 1472 2418 mensis
1493 2388 1550 2418 est
1571 2380 1614 2420 in

875 2448 953 2484 quo
984 2435 1063 2472 dies
1092 2435 1242 2484 aliquot
1265 2434 1505 2483 jejuniorum
1535 2447 1614 2472 non

873 2489 949 2527 sint
967 2489 1114 2534 notati3
1143 2495 1180 2526 et
1198 2488 1236 2525 in
1257 2488 1449 2526 nonnullis
1476 2489 1614 2526 mensi-

878 2542 1078 2581 busvmulti
1097 2541 1358 2591 adsignantur.
1397 2543 1613 2592 Atjejunia

873 2596 941 2634 illa
958 2609 1034 2634 non
1051 2596 1202 2646 longam
1220 2608 1353 2633 eorum
1375 2595 1514 2636 famem
1540 2605 1613 2634 tes-

873 2658 1015 2696 tantur,
1041 2651 1104 2687 sed
1136 2663 1191 2687 res
1220 2649 1402 2688 infaustas
1430 2651 1610 2696 tristesve‚

873 2718 960 2754 quae
985 2704 1120 2742 diebus
1140 2703 1215 2740 illis
1239 2704 1444 2754 contigere,
1472 2705 1611 2743 defient

1070 2758 1135 2796 Sic
1177 2757 1239 2795 die
1277 2758 1438 2808 septima
1471 2759 1612 2799 mensis

1524 2218 1556 2256 C
1560 2231 1617 2256 re-

873 2812 916 2849 T
907 2812 971 2850 isri
990 2811 1195 2855 notaturin
1205 2824 1338 2849 eorum
1351 2812 1608 2858 Calendariis:

871 2865 1082 2915 Jejunz‘um,
1111 2865 1207 2916 quod
1226 2863 1384 2904 decisum
1405 2866 1457 2903 sit
1485 2867 1612 2904 decre-

872 2925 950 2958 tum
970 2925 1103 2959 contra
1126 2926 1259 2972 patres
1277 2925 1438 2968 nostros,
1466 2925 1508 2962 ut
1523 2920 1610 2972 gla-
