1786 3204
63 172 107 217 J.
127 176 175 216 e.
193 172 258 221 69,
377 169 769 214 nisTomAmJM
797 167 962 213 LIBER
991 165 1299 214 SECUNDUS.
1542 178 1617 215 111

64 292 226 344 sparsa
268 278 549 327 auxiliorum
600 295 783 337 manus,
827 277 992 331 altiora
1034 294 1282 327 murorum
1325 278 1498 345 sagittis
1531 293 1622 329 ant

69 357 191 405 saxis
223 357 480 417 incessere3
519 356 731 421 neglecta
764 347 968 404 aut'aevo
1003 356 1131 404 fluxa
1155 356 1372 404 cominus
1394 358 1616 422 adgredi:

67 433 288 499 ingerunt
310 433 510 498 desuper
534 433 789 494 Othoniani
810 432 921 497 pila,
939 433 1104 480 librato
1128 433 1274 498 magis
1291 446 1336 480 et
1359 448 1487 482 certo
1502 436 1617 495 ictu,

66 513 294 560 adversus
327 511 503 560 temere
537 513 788 559 subeuntes
823 512 1038 559 cohortes
1075 514 1442 572 Germanorum,
1477 526 1616 561 canta

67 590 206 649 truci,
223 601 287 650 et,
305 606 436 639 more
453 589 618 652 patri0,
635 589 771 638 nudis
786 589 1076 652 corporibus,
1093 605 1233 652 super
1250 589 1471 637 humeros
1488 603 1618 640 scuta

67 670 386 734 quatientium.
455 667 776 732 Legionarius,
798 665 982 729 pluteis,
1006 667 1277 714 etcratibus
1312 678 1477 727 tectus,
1506 672 1616 718 sub-

66 747 160 796 ruit
181 764 359 805 muros,
376 746 557 794 instruit
579 761 817 810 aggerem,
844 744 1036 791 molitur
1058 755 1227 807 portas.
1299 747 1476 793 Contra
1498 764 1616 810 prae-

67 825 232 872 toriani
262 824 503 889 dispositos
525 823 583 871 ad
611 823 660 870 id
688 822 838 886 ipsum
864 822 1096 880 molares,¹
1131 821 1308 886 ingenti
1329 824 1536 886 pondere
1559 842 1613 873 ac

65 901 275 968 fragore,
313 903 624 967 provolvunt:
670 918 776 965 pars
811 901 1109 948 subeuntium
1146 900 1329 948 obruti:
1365 917 1471 964 pars
1506 921 1615 951 con.-

66 980 170 1039 fixi,
200 992 247 1028 et
280 997 557 1045 exsangues,
589 990 670 1027 aut
705 974 860 1036 laceri,
891 979 1006 1026 curn
1029 990 1219 1044 augeret
1241 989 1442 1044 stragem
1476 982 1613 1045 trepi-

65 1058 208 1117 datio,
253 1058 406 1122 eoque
449 1057 605 1110 acrius
649 1056 676 1103 ὲ
722 1056 956 1103 moenibus
1000 1056 1371 1116 vulnerarentur,
1416 1059 1612 1119 rediere,

61 1134 260 1184 infracta
283 1135 483 1199 partium
504 1134 645 1182 fama.
714 1135 776 1182 Et
801 1134 1004 1195 Caecina,
1034 1135 1215 1198 pudore
1238 1120 1404 1198 coeptae
1435 1137 1611 1184 temer}

64 1213 438 1279 oppugnationis,
460 1230 521 1260 ne
541 1213 708 1260 inrisus
741 1229 806 1259 ac.
826 1228 972 1259 vanus
1001 1211 1163 1260 iisdem
1187 1213 1342 1260 castris
1366 1213 1611 1274 adsideret,

64 1292 255 1356 trajecto
277 1308 439 1338 rursus
458 1291 605 1349 Pado,
632 1291 916 1338 Cremonam
933 1301 1090 1353 petere
1112 1290 1320 1337 intendit.
1356 1292 1612 1340 Tradidere

64 1372 164 1416 ses'e
185 1368 371 1416 abeunti
399 1368 641 1416 Turullius
666 1366 875 1425 Cerialis,
910 1383 1019 1414 cum
1049 1367 1367 1430 compluribus
1398 1369 1610 1429 classicis,

65 1457 113 1494 et
146 1446 294 1495 Julius
315 1446 625 1511 Briganticus,
659 1462 769 1492 cum
802 1444 958 1508 paucis
988 1444 1338 1508 equitum.:.,hic
1362 1435 1611 1509 praefectus

65 1523 170 1583 alae‚
205 1523 254 1572 in
289 1525 470 1571 Batavis
505 1522 717 1588 genitus,
754 1522 832 1569 ille
853 1521 1162 1586 primipilaris,
1187 1534 1232 1570 et
1257 1524 1459 1572 Caecinae
1482 1524 1609 1573 haud

63 1601 257 1661 alienus,
281 1602 412 1667 quod
433 1601 620 1649 ordines
634 1604 650 1622 ²
670 1600 722 1648 in
742 1600 1002 1649 Germania
1024 1601 1235 1648 duxerat.

132 1766 212 1807 23.
264 1761 568 1818 SPURINNA,
613 1769 853 1823 comperto
898 1757 1059 1806 itinere
1103 1757 1323 1817 hostium,
1371 1757 1609 1808 defensam
1657 1750 1665 1757 ”

62 1835 360 1896 Placentiam,
384 1855 583 1901 quaeque
613 1849 729 1896 acta,
761 1849 806 1884 et
829 1836 940 1902 quid
966 1836 1153 1885 Caecina
1175 1847 1371 1900 pararet,
1397 1836 1607 1884 Annium

62 1914 261 1964 Gallum
304 1932 388 1978 per
427 1915 578 1962 literas
614 1915 764 1963 docet.
835 1913 1004 1962 Gallus
1045 1907 1277 1978 legionem
1315 1913 1515 1976 primam
1558 1915 1607 1961 in

61 1992 288 2040 auxilium
321 1993 566 2040 Placentiae
602 1993 818 2051 ducebat,
855 1991 1029 2040 diffisus
1068 1991 1294 2055 paucitate
1324 1991 1606 2054 cohortium,

59 2081 122 2118 ne
157 2070 340 2137 longius
371 2070 620 2129 obsidium,
655 2081 701 2117 et
736 2069 830 2116 vim
868 2068 1137 2117 Germanici
1167 2067 1424 2116 exercitus,
1436 2070 1606 2131 parum

59 2148 340 2209 tolerarent:
375 2147 456 2195 ubi
479 2148 667 2211 pulsum
691 2141 929 2195 Cmcinam
951 2163 1148 2211 pergere
1173 2147 1458 2194 Cremonam
1481 2163 1609 2194 acce·

60 2226 145 2289 pit,
167 2225 293 2290 aegre
317 2225 564 2273 coercitam
587 2224 838 2291 legionem,
861 2236 906 2272 et
929 2223 1167 2289 pugnandi
1189 2224 1355 2270 ardore
1378 2240 1525 2287 usque
1547 2226 1606 2274 ad

60 2303 331 2351 seditionem
369 2319 681 2368 progressam,
725 2301 964 2351 Bebriaci³
1011 2300 1138 2348 sistit.
1207 2301 1333 2348 Inter
1371 2301 1606 2348 Veronam

118 2469 133 2488 ¹
179 2470 365 2509 Melan-s.
403 2471 560 2521 Supra,
606 2470 798 2509 immensas
871 2469 1006 2519 lapide.
1063 2468 1279 2512 Cluverius,
1309 2466 1548 2518 ItukAntiq.
1574 2480 1605 2505 1.

62 2524 224 2576 lapidum
245 2525 369 2564 moles.
870 2522 935 2561 26.
953 2524 1090 2573 probat
1102 2522 1230 2559 locum
1246 2522 1350 2559 hunc
1362 2535 1438 2558 esse
1452 2535 1606 2572 pagum,

117 2576 134 2595 ²
164 2578 291 2623 ‘Qubd
329 2579 491 2616 ordines.
543 2577 797 2629 Primipilaris
870 2589 972 2614 nunc
1006 2577 1154 2613 dictum
1177 2575 1331 2622 Ccmetg).
1389 2576 1513 2613 Miror
1544 2576 1607 2614 Cl.

48 2641 143 2675 ,ει-αῖ
176 2633 325 2670 ordines
362 2632 515 2669 ducere.
570 2632 631 2668 De
668 2632 799 2682 primi·
870 2629 1608 2681 Camp0‚quiegregiumlibsum,His-

59 2686 246 2737 pilaribus
269 2688 352 2736 jam
387 2685 535 2723 dictum
570 2686 712 2723 Annal.
746 2698 797 2723 11.
869 2685 971 2721 toria
1007 2685 1047 2721 di
1080 2682 1274 2728 Cremona,
1310 2683 1442 2729 edidit,
1476 2684 1606 2720 existi-

64 2744 127 2778 11.
145 2749 184 2778 et
202 2752 276 2777 xv.
300 2744 362 2777 12.
870 2738 988 2775 masse
1007 2737 1238 2775 Bebriacum
1258 2750 1335 2773 csse
1361 2736 1508 2782 locum,
1536 2738 1605 2786 qut

115 2790 130 2812 ³
175 2793 362 2832 Bebriaci.
409 2793 532 2830 Vetus
567 2791 796 2831 scholiastes
867 2803 971 2829 nunc
1002 2791 1158 2837 dicitur,
1189 2790 1317 2835 Binan
1347 2791 1450 2839 quod
1481 2803 1604 2840 neque

59 2847 85 2886 J
89 2848 268 2894 avemus,
313 2846 493 2884 laudatus
537 2858 653 2896 supra
699 2846 796 2883 inter
867 2857 956 2882 cum
976 2845 1102 2882 Taciti
1123 2845 1350 2890 narratione,
1370 2857 1493 2893 neque
1511 2857 1604 2881 cum

59 2901 296 2939 'I‘estimonia
327 2901 525 2945 Veterum,
555 2899 610 2937 ait
639 2899 795 2936 Bebria-
867 2898 1004 2938 ‚tabula
1042 2897 1328 2947 Geographica,
1373 2899 1606 2947 quainripse

58 2969 140 2996 eum
160 2955 279 2994 *sicum
294 2968 374 2994 esse
387 2954 411 2992 ἃ
431 2952 612 2992 Cremona
626 2953 796 2996 vicesimo
866 2951 928 2991 el.
947 2953 1096 3002 Campo
1114 2951 1344 3002 publicavit,
1364 2951 1595 2990 concordat.-
