1786 3204
89 158 130 198 J.
149 159 197 198 C.
216 157 285 205 694
418 154 806 198 HISTORIARUM
836 157 1000 198 LIBER
1029 158 1332 198 SECUNDUS.
1585 162 1639 206 99
1674 163 1678 167 ’

80 264 233 311 ‘manu‘
252 263 460 311 hostibus
483 263 645 322 obniti,
686 262 789 311 cibo
820 262 1030 322 fortuito,
1063 264 1189 311 veste
1222 261 1474 326 habituque
1503 260 1582 309 vix
1607 259 1636 308 a

83 341 302 406 gregario
325 341 468 388 milite
490 341 782 404 discrepans:
818 328 1026 404 prorsus,
1049 339 1086 387 si
1102 340 1286 387 avaritia
1307 340 1500 397 abesset,
1523 339 1637 386 anti-

85 418 191 483 quis
213 419 410 467 ducibus
432 435 527 483 par.
597 419 872 466 Mucianum
896 418 922 465 ὲ
947 417 1176 466 contrario
1199 415 1554 482 magnificentia,
1589 428 1635 463 et

85 512 216 559 opes,
250 507 297 543 et
320 507 486 544 cuncta
506 496 736 560 privatum
759 495 956 543 modum
989 508 1285 559 supergressa
1318 494 1631 542 extollebant:

37 623 46 626 q
81 573 234 637 aptior
271 589 503 632 sermone,
525 572 747 637 dispositu
770 572 1068 636 provisuque,
1102 571 1305 619 civilium
1327 588 1486 618 rerum
1517 571 1635 634 peri-

82 661 160 698 tus
176 654 201 698 ε’
225 651 466 716 egregium
501 650 785 715 principatus
818 662 1253 715 temperamentum,
1277 649 1313 697 si
1337 649 1502 697 demtis
1524 648 1635 695 utri-

83 744 232 791 usque
253 728 387 787 vitiis,
410 729 521 776 solae
543 728 733 776 virtutes
756 728 1072 776 miscerentur.
1128 727 1357 775 Ceterum
1374 727 1448 774 hic
1468 726 1633 791 Syriae,

82 803 162 852 ille
184 807 211 854 J
214 806 360 853 udae‘ae
383 806 673 870 praepositus,
695 806 854 854 vicinis
876 805 1216 870 provinciarum
1239 803 1635 852 administrationi-

80 882 189 941 bus,
222 882 392 931 invidia
416 883 668 943 discordes,
702 884 830 931 exitu
853 884 1044 931 demum
1065 883 1286 941 Neronis,
1308 881 1465 946 positis
1498 878 1630 939 odiis,

81 958 131 1006 in
144 961 355 1008 medium
378 961 680 1008 consuluere:
708 961 917 1025 primum
939 978 1024 1024 per
1045 961 1247 1020 amicos3
1270 959 1377 1008 dein
1398 959 1632 1023 praecipua

82 1038 346 1086 concordiae
381 1039 496 1086 fides
526 1040 679 1098 Titus,
714 1056 855 1103 prava
884 1038 1134 1086 certamina
1171 1037 1410 1086 communi
1439 1036 1631 1084 utilitate

81 1115 373 1171 aboleverat:
410 1116 575 1164 natura
612 1128 751 1180 atque
784 1127 881 1164 arte
904 1115 1186 1180 compositus
1208 1115 1472 1163 adliciendis
1493 1115 1631 1162 etiam

82 1191 290 1240 Muciani
313 1193 534 1241 moribus.
603 1194 801 1242 Tribuni
818 1194 1220 1258 centurionesque,
1254 1204 1300 1242 et
1323 1193 1491 1257 vulgus
1514 1192 1631 1239 mili-

81 1278 202 1328 tum,
245 1269 487 1330 industria,
535 1271 735 1331 licentia,
769 1290 854 1336 per
891 1271 1100 1332 virtuteS,
1134 1288 1219 1336 per
1256 1271 1532 1335 voluptates,
1578 1282 1630 1318 ut

83 1345 251 1410 cuique
273 1347 528 1412 ingenium,
551 1349 934 1398 adsciscebantur.

81 1536 83 1538 -
149 1507 196 1549 6.
230 1504 546 1561 ANTEQUAM
573 1505 708 1554 Titus
729 1478 1011 1565 adventaret,
1033 1517 1371 1555 sacramentum
1395 1504 1629 1553 Othonis-¹

81 1591 320 1643 acceperat
342 1592 538 1646 uterque
555 1584 803 1644 exercitus,
819 1585 1146 1649 praecipitibuS,
1161 1596 1212 1632 ut
1235 1584 1426 1642 adsolet,
1442 1582 1631 1642 nuntiis,

81 1668 130 1704 et
151 1657 283 1704 tarda
313 1659 438 1707 mole
476 1659 619 1708 civilis
651 1661 778 1720 belli,
813 1663 940 1725 quod
980 1661 1122 1726 longa
1161 1660 1411 1709 concordia
1447 1660 1630 1724 quietus

84 1734 254 1783 Oriens
293 1747 404 1784 tunc
434 1736 645 1801 primum
683 1740 884 1802 parabat.
951 1739 1172 1803 Namque
1211 1738 1323 1786 olim
1355 1736 1629 1786 validissima

7 1849 10 1852 .
78 1810 200 1859 inter
221 1829 271 1860 se
293 1813 462 1861 civium
485 1831 628 1873 arma,
662 1815 711 1862 in
728 1815 872 1874 Italia,
899 1815 1128 1874 Galliave,
1162 1816 1334 1864 viribus
1360 1814 1628 1863 Occidentis

79 1900 261 1952 coepta.·
315 1891 377 1938 Et
398 1892 639 1955 Pompeio,
664 1893 840 1952 Cassio,
865 1895 1033 1952 Bruto,
1052 1893 1289 1951 Antonin,
1324 1910 1442 1956 quos
1465 1909 1628 1940 omnes

78 1976 204 2026 trans
227 1983 354 2015 mare
370 1980 581 2016 secutum
609 1980 676 2017 est
699 1969 831 2021 civile
860 1971 1055 2030 bellum,
1089 1971 1213 2018 haud
1244 1970 1451 2034 prosperi
1475 1969 1627 2016 exitus

0 2090 5 2113 ᾖ
78 2041 276 2091 fuerant.
345 2046 600 2110 Auditique
635 2046 806 2111 saepius
844 2047 891 2093 in
931 2046 1064 2112 Syria
1101 2047 1357 2111 Judaeaque
1398 2048 1625 2105 Caesares,

78 2120 224 2183 quam
245 2121 450 2186 inspecti.
517 2123 663 2171 Nulla
685 2124 844 2171 seditio
875 2124 1140 2190 legionum:
1177 2125 1361 2171 tantsnn
1401 2124 1626 2171 adversus

76 2196 273 2246 Parthos
317 2199 472 2259 minae,
512 2201 639 2248 vario
679 2195 883 2268 eventu.2
950 2202 1011 2250 Et
1044 2202 1260 2266 proximo
1305 2201 1424 2249 civili
1450 2199 1623 2262 'bello,³

78 2275 269 2323 turbatis
286 2277 411 2335 aliis,
450 2277 720 2327 inconcussa
748 2269 810 2326 ibi
831 2296 952 2343 pax:
991 2280 1097 2326 dein
1120 2279 1235 2326 fides
1269 2295 1379 2343 erga
1403 2279 1622 2326 Galbam.

78 2351 219 2410 Mox,
242 2364 294 2400 ut
327 2359 361 2381 “
386 2355 626 2403 Othonem
655 2374 708 2404 ac
739 2357 976 2404 Vitellium
1009 2356 1207 2405 scelestis
1243 2357 1381 2403 armis
1414 2373 1488 2403 res
1524 2357 1622 2402 Ro-

78 2431 114 2455 “
138 2445 294 2477 manas
315 2443 498 2495 raptum
520 2433 632 2493 ire‚”
647 2435 888 2500 Vulgatum
911 2446 996 2494 est,
1030 2451 1089 2481 ne
1123 2431 1262 2498 penes
1284 2444 1461 2480 ceteros
1477 2432 1621 2496 impe-

0 2535 1 2538 =
76 2504 132 2552 rii
169 2507 376 2570 praemia,
432 2526 573 2573 penes
617 2511 739 2575 ipsos
778 2513 963 2568 tantum
1001 2511 1169 2560 servitii
1206 2511 1446 2559 necessitas
1485 2521 1620 2568 esset,

133 2664 146 2682 ¹
167 2666 446 2708 Sacramentum
476 2671 646 2711 Othonis.
680 2674 811 2712 Muci·
886 2688 973 2725 sup.

0 2749 2 2751 .
77 2721 141 2758 ani
172 2722 332 2772 ejusque
357 2725 548 2763 exercitos
568 2727 813 2766 fidem‘testa·
939 2726 957 2743 ²
996 2728 1111 2766 Vario
1146 2733 1290 2766 eventu.
1354 2727 1408 2764 Ut
1452 2726 1616 2766 vidimus

81 2780 145 2810 tur
162 2787 281 2812 aereus
303 2776 468 2815 Othonis
487 2792 668 2818 nummus
697 2780 717 2818 ὲ
749 2783 814 2819 Ci-
882 2795 1004 2832 supra
1026 2781 1163 2818 ¹annal.
1186 2795 1256 2819 xv.
1279 2785 1330 2818 24
1344 2790 1386 2818 ct
1404 2784 1468 2823 227.
1515 2813 1518 2815 ,

79 2826 206 2864 melio
214 2828 374 2867 Comitis
401 2832 447 2868 de
468 2832 691 2880 Pembroke,
718 2835 783 2871 of
775 2847 815 2872 m
941 2832 957 2855 ³
976 2835 1010 2872 P
1013 2835 1151 2872 Jooeimo
1170 2837 1223 2873 cit
1221 2835 1273 2872 ili
1287 2834 1393 2872 bello.
1414 2838 1447 2878 Q
1457 2847 1503 2871 uo
1519 2834 1567 2871 V'
1561 2848 1615 2872 m-

0 2888 14 2907 “-
84 2878 225 2918 Museo
257 2882 564 2934 Theupolitano·;
592 2901 707 2938 quem
734 2888 818 2926 lau·
888 2889 962 2926 dex
990 2897 1027 2925 ct
1053 2889 1181 2926 Galba
1212 2888 1388 2926 adxcxsus
1423 2889 1612 2958 Neronem

86 2934 265 2974 (lavimus
291 2949 407 2989 supra
442 2939 542 2978 Hist
574 2953 604 2980 1
638 2939 703 2985 76.
732 2949 818 2980 not.
888 2936 1129 2982 rebellavtie.
