1760 3210
64 167 256 214 J.C.›70.
333 168 338 172 ’
409 163 802 206 HISTORIARUM
829 163 992 204 LIBER
1022 163 1297 211 QUARTUS.
1536 172 1618 215 337

57 272 278 321 Eleusine
294 269 544 329 exciverat,
562 275 597 298 “
614 268 831 334 quaenam
846 267 924 316 illa
939 268 1217 333 superstitio,
1235 269 1365 334 quod
1381 285 1556 320 numen
1566 272 1613 321 ?''

58 349 326 415 interrogat.
396 347 690 405 Timotheus,
713 345 914 411 quaesitis
935 347 1016 410 qui
1048 347 1098 394 in
1130 347 1334 399 Pontum
1362 347 1611 410 meassent,

58 426 297 492 cognoscit
318 426 485 473 urbem
506 423 601 472 illic
621 423 859 486 Sinopen,¹
884 438 971 472 nec
994 424 1161 487 procul
1183 425 1432 489 templum,
1453 438 1611 475 vetere

58 503 181 552 inter
216 502 397 550 accolas
433 499 575 560 fama,
610 500 735 549 Jovis
770 500 930 568 Ditis.²
994 503 1214 566 Namque
1249 513 1296 550 et
1334 503 1611 552 muliebrem

59 579 260 646 effigiem
282 579 515 637 adsistere,
546 592 687 642 quam
709 577 918 642 plerique
938 578 1262 642 Proserpinam
1283 591 1465 629 vocent.
1514 582 1610 630 Sed

60 658 358 715 Ptolemaeus,
381 668 433 704 ut
462 667 569 703 sunt
602 654 784 719 ingenia
806 671 991 720 regum,
1014 671 1190 719 pronus
1212 657 1271 703 ad
1292 655 1609 719 formidinem,

61 734 143 783 ubi
164 735 381 782 securitas
410 733 561 791 rediit,
583 732 876 796 voluptatum
897 732 1043 796 quam
1072 733 1350 798 religionum
1372 747 1610 798 appetens,

60 812 298 878 negligere
310 811 546 876 paulatim,
563 810 763 874 aliasque
785 810 843 856 ad
858 826 991 858 curas
1008 809 1215 857 animum
1231 822 1433 859 vertere:
1459 813 1609 861 donec

63 891 225 938 eadem
247 889 421 953 species
453 887 698 935 terribilior
724 889 839 952 jam,
872 898 918 934 et
950 886 1206 947 instantior,
1242 887 1492 953 “exitium
1524 879 1616 954 ipsi

66 969 97 994 “
129 981 370 1032 regnoque
388 966 413 984 '²
434 964 741 1023 denuntiaret,
777 969 810 992 “
833 963 882 1011 ni
909 966 1036 1029 jussa
1067 966 1411 1027 patrarentur.”
1479 968 1608 1015 Tum

62 1045 239 1110 legatos
268 1055 314 1091 et
349 1044 472 1100 dona
504 1041 875 1106 Scydrothemidi
904 1041 1004 1106 regi
1039 1042 1100 1106 (is
1132 1053 1244 1090 tunc
1279 1041 1609 1108 Sinopensibus

62 1121 375 1185 imperitabat)
408 1120 615 1184 expediri
639 1121 801 1185 jubet3
838 1119 1139 1184 praecipitque
1169 1120 1464 1186 navigaturis,
1500 1126 1534 1149 “
1558 1134 1610 1170 ut

66 1203 99 1225 “
130 1199 352 1264 Pythium
387 1198 686 1262 Apollinem³
725 1197 933 1245 adeant.'’
1014 1196 1107 1245 Illis
1146 1213 1274 1245 mare
1318 1198 1607 1248 secundum:

60 1293 164 1329 sors
185 1276 360 1324 oraculi
381 1276 506 1323 haud
529 1275 757 1340 ambigua.
828 1280 862 1303 “
886 1277 1028 1334 Irent,
1058 1274 1457 1341 simulacrumque,
1469 1276 1610 1342 patris

65 1359 98 1382 ‘⁶
130 1354 202 1403 sui
214 1357 234 1382 ⁴
253 1354 544 1414 reveherent,
565 1354 735 1402 sororis
757 1352 1115 1418 relinquerent.”

132 1518 213 1558 84.
248 1511 337 1558 UT
362 1510 567 1575 Sinopen
587 1508 775 1570 venere,
807 1513 1020 1569 munera,
1053 1526 1231 1575 preces,
1252 1510 1466 1558 mandata
1487 1509 1611 1575 regis

63 1586 136 1637 sui
180 1587 552 1653 Scydrothemidi
595 1588 808 1653 allegant.
881 1587 978 1651 Qui
1022 1588 1228 1636 diversus
1266 1586 1423 1646 animi,
1462 1587 1608 1636 modo

64 1681 241 1714 numen
275 1660 537 1729 pavescere,
571 1666 717 1714 modo
741 1665 875 1713 minis
907 1665 1186 1714 adversantis
1218 1664 1379 1729 populi
1411 1665 1610 1725 terreri;

0 1739 2 1741 ’
60 1759 186 1807 saepe
229 1743 363 1791 donis
406 1742 732 1807 promissisque
776 1743 1037 1808 legatorum
1081 1742 1364 1791 flectebatur.
1448 1743 1609 1806 Atque

63 1820 247 1868 interim
290 1820 486 1868 triennio
543 1832 725 1880 exact0,
768 1820 1052 1868 Ptolemaeus
1095 1835 1191 1867 non
1243 1818 1465 1879 studium,
1514 1835 1613 1866 non

64 1914 226 1963 preces
249 1897 476 1947 omittere.
521 1898 807 1963 Dignitatem
831 1897 1107 1963 legatorum,
1129 1912 1381 1945 numerum
1404 1895 1616 1954 navium,

63 1975 164 2023 auri
197 1976 382 2039 pondus
425 1978 635 2041 augebat.
704 1977 832 2023 Tum
865 1975 1024 2023 minax
1056 1973 1195 2023 facies
1239 1970 1610 2039 Scydr’othemidi

65 2052 278 2111 offertur,
318 2058 352 2081 ‘⁶
374 2069 434 2100 ne
467 2053 689 2102 destinata
715 2054 822 2101 Deo
847 2054 969 2101 ultra
996 2051 1307 2100 moraretur.”
1355 2049 1613 2115 ‘Cunctan-

66 2140 164 2181 tem
195 2129 319 2178 varia
351 2130 593 2194 pernicies,
629 2130 876 2195 morbique-
896 2133 942 2179 et
978 2128 1217 2178 manifesta
1239 2127 1498 2178 coelestium
1527 2127 1613 2185 ira,

66 2206 344 2273 graviorque
376 2208 425 2255 in
455 2208 554 2256 dies
586 2207 818 2273 fatigabat.
888 2206 1133 2255 Advocata
1160 2206 1400 2265 concione,
1436 2209 1470 2232 “
1487 2206 1615 2270 jussa

70 2287 103 2310 “
134 2284 355 2344 numinis,
408 2302 518 2333 suos
572 2285 906 2349 Ptolemaeique
954 2284 1094 2343 visus,
1150 2282 1411 2348 ingruentia
1454 2280 1614 2328 mala”

66 2361 274 2426 exponit.
342 2362 526 2428 Vulgus
546 2363 779 2411 adversari
812 2363 1009 2428 regem,⁵
1042 2359 1246 2409 invidere
1268 2349 1494 2424 AEgypto,
1530 2357 1614 2405 sibi

125 2503 342 2557 ¹Sinopen.
361 2508 501 2546 Turcis
515 2506 680 2554 Sinoub;
671 2509 804 2547 ·nobis
879 2507 961 2559 phi,
978 2507 1071 2544 olim
1096 2505 1345 2556 percelebres,
1371 2515 1477 2541 nunc
1495 2502 1616 2549 vicus,

69 2559 187 2610 vulgo
207 2561 356 2611 Sinope,
382 2566 422 2599 to
445 2562 506 2599 tlze
536 2560 657 2600 South
673 2563 723 2615 ‘ff
743 2564 805 2601 the
881 2562 1008 2598 dictus
1028 2560 1169 2607 castri,
1197 2565 1237 2597 at
1256 2557 1415 2610 thesoot
1429 2557 1479 2610 qf
1488 2562 1618 2596 mount

71 2613 194 2652 Black
213 2613 300 2652 Sca.
882 2615 962 2653 Par
945 2627 1107 2651 massus.

124 2663 145 2683 ²
170 2667 281 2706 Jovis
310 2667 433 2706 Ditis.
478 2668 585 2707 Jovis
618 2667 804 2707 Plutonis.
934 2666 954 2690 4
981 2667 1115 2706 Patris
1143 2666 1214 2703 sui.
1252 2665 1406 2716 Jupiter
1424 2664 1618 2716 Apollinis

74 2721 158 2759 Cur
174 2729 303 2760 autem
322 2722 475 2772 Serapis
491 2723 684 2761 diceretur
698 2722 809 2774 Jupi-
883 2728 991 2772 pater
1009 2722 1236 2764 habebatur,
1257 2732 1363 2758 soror
1379 2719 1617 2769 Proserpina.

72 2782 130 2812 ter
161 2775 279 2814 Pluto
309 2776 572 2826 explicabitur
595 2777 635 2814 in
664 2783 743 2814 not.
770 2785 808 2814 et
887 2776 990 2815 Bene
1020 2775 1264 2819 reveherent,-
1294 2773 1385 2811 cum
1414 2785 1523 2811 sacra
1550 2772 1619 2809 illa

70 2830 222 2866 emend.
240 2830 288 2867 ad
310 2829 410 2867 nist.
430 2841 490 2867 1v.
507 2834 575 2868 84.
884 2829 1100 2879 antiquitus
1118 2840 1166 2864 cx
1187 2828 1355 2878 AEgypto
1375 2834 1522 2864 avecta.
1551 2865 1556 2869 .

2 2927 5 2928 ⁷
129 2877 147 2902 ⁸
175 2881 352 2934 Pythium
372 2883 598 2933 Apollinem.
624 2882 810 2936 Pythium
938 2881 951 2904 ⁵
983 2881 1197 2920 Adversum·
1216 2894 1352 2931 regem.
1373 2880 1527 2929 Vulgus
1543 2891 1618 2917 coe-

75 2934 301 2986 Apollinem
320 2937 494 2988 Delphos
511 2938 663 2975 adeant.
721 2936 815 2975 Del·
885 2937 945 2987 pit
975 2937 1101 2984 reniti,
1128 2936 1205 2986 regi
1235 2935 1428 2978 obsistere,
1451 2933 1622 2973 invidere

409 3015 528 3049 voL.
554 3015 632 3050 111.
1330 3011 1364 3043 Y
