1786 3204
458 737 1251 811 BREVI-ARIUM
1323 720 1335 731 ”

559 1062 777 1130 LIBRI
815 1065 1127 1111 QUARTI.

83 1439 93 1443 -
153 1415 204 1462 1.
244 1393 586 1463 VIcTonEs
616 1401 867 1459 Flaviani
890 1403 949 1460 in
981 1401 1143 1459 Urbe
1176 1406 1428 1464 saeviunt.
1468 1416 1521 1466 2.
1553 1411 1621 1469 L.

73 1503 351 1567 vitemus,
388 1499 523 1556 licet
561 1499 802 1566 deditus,
847 1501 1190 1560 interficitur.
1281 1511 1335 1560 3.
1379 1505 1626 1583 Compo-

71 1602 182 1658 sita
222 1599 552 1672 Campania,
590 1599 924 1672 obsequium
971 1602 1193 1655 senatfis
1246 1602 1306 1656 in
1362 1602 1625 1680 Vespasi-

72 1718 262 1755 anum.
340 1702 396 1766 4.
438 1695 714 1761 Muciani,
754 1696 1007 1762 Antonii,
1035 1705 1467 1774 ceterorumque
1493 1703 1626 1759 belli

10 1787 14 1790 ²
72 1799 283 1854 ducum
322 1794 575 1851 honores.
671 1792 1029 1849 Restituendi
1070 1792 1335 1868 Capitolii
1372 1783 1618 1856 consilia.

72 1892 351 1950 Libertati
369 1890 610 1947 consulit
637 1889 931 1946 Helvidius
953 1889 1191 1947 Priscus.
1270 1900 1322 1951 5.
1367 1894 1619 1969 Hujusce

71 1993 174 2062 viri
213 1991 330 2045 vita
366 1997 426 2043 et
477 2006 677 2042 mores,
772 1986 824 2042 6.
869 1987 1024 2042 Inter
1078 2007 1208 2044 eum
1262 1998 1320 2044 et
1377 1991 1617 2067 Eprium

70 2087 407 2147 Marcellum
448 2103 575 2140 acre
623 2085 884 2160 jurgium.
962 2093 1014 2148 9.
1059 2084 1151 2140 De
1184 2087 1449 2160 impensis
1477 2091 1621 2164 pub-

68 2185 187 2242 licis
227 2184 512 2240 dissensio.
596 2188 682 2243 10.
716 2181 1022 2237 Musonius
1052 2182 1234 2237 Rufus
1264 2184 1322 2239 in
1367 2184 1432 2240 P.
1463 2185 1621 2245 Cele-

66 2302 185 2339 rem
211 2282 504 2339 invehitur.
587 2289 673 2337 11.
714 2279 1038 2346 MucianUS,
1069 2279 1288 2337 Urbem
1322 2282 1620 2356 ingressuS,

67 2389 278 2437 cuncta
310 2380 371 2435 in
407 2399 466 2434 se
504 2377 690 2435 trahit.
771 2376 1060 2452 Calpurnii
1099 2377 1383 2435 Galeriani
1416 2380 1617 2438 caedes·

68 2476 274 2533 Servile
321 2476 573 2540 Asiatici,
614 2475 818 2539 liberti,
875 2475 1232 2548 supplicium.
1314 2481 1401 2533 12.
1445 2476 1618 2537 Initia

66 2575 106 2630 b
132 2572 199 2628 lli
227 2573 572 2638 Germanici,
599 2573 744 2628 duce
772 2571 1009 2628 Claudio
1048 2571 1224 2626 Civili.
1309 2579 1396 2632 14.
1444 2574 1618 2632 Primi

67 2670 127 2726 in
150 2689 308 2726 arma
344 2671 516 2726 ruunt
544 2670 747 2729 Batavi
774 2679 832 2726 et
861 2669 1274 2725 Canninefates.
1335 2675 1422 2726 15.
1450 2671 1619 2729 Acci-

65 2768 147 2823 tis
173 2767 686 2842 Frisiiffioceupata
727 2769 966 2828 duarum
1008 2767 1321 2824 cohortium
1367 2767 1614 2826 hibe-rna.

17 2896 24 2899 -
70 2863 156 2920 16.
235 2864 407 2920 Parta
475 2864 662 2921 Civilis
727 2867 858 2923 dolo
912 2867 982 2922 de
1038 2865 1305 2922 Romanis
1364 2865 1612 2921 victoria.
