1786 3204
427 144 817 187 HlSTORIARUM
846 143 1012 184 LIBER
1040 145 1312 192 QUARTUS.

75 147 118 191 J.
137 151 183 191 (ἒ.
209 145 280 194 69.
1542 157 1621 194 281

72 253 179 303 'visu
212 250 352 309 foret,
385 251 735 299 Germanorum
768 249 960 297 catervis
991 250 1211 315 complet,
1249 252 1506 304 adsultante
1538 275 1625 322 per

39 381 41 383 ,
76 345 269 396 campos
289 329 457 394 equite.
526 327 676 376 Simul
711 341 851 374 naves
879 327 928 374 in
950 328 1196 376 adversum
1216 346 1411 379 amnem-
1426 336 1625 399 ageban-

72 420 170 458 tur.
238 407 363 456 Hinc
401 417 724 454 veteranarum
758 405 1023 471 cohortium
1045 406 1192 472 signa,
1227 408 1339 457 inde
1365 410 1625 475 depromtae

77 485 221 552 sylvis
265 484 486 550 lucisque·
504 483 711 532 ferarum
743 483 1000 548 imagines:
1035 496 1088 532 ut
1132 486 1301 552 cuique
1349 489 1476 554 genti
1505 490 1623 541 inire

75 564 292 631 praelium
313 579 416 612 mos
438 574 518 621 est,
542 560 692 609 mixta
707 561 818 610 belli
835 562 976 609 civilis
988 564 1262 629 externique
1284 563 1399 615 facie
1414 569 1432 589 ²
1463 570 1624 617 obstu-

75 641 341 708 pefecerant
394 642 633 689 obsessos:
709 650 754 688 et
809 657 940 705 spem
994 644 1361 707 oppugnantium
1424 649 1625 713 augebat

75 716 332 784 amplitudo
347 717 473 778 valli,
496 719 623 784 quod
646 719 827 767 duabus
848 719 1106 784 legionibus
1127 720 1284 781 situm,
1315 721 1395 770 vix
1417 724 1627 792 quinque

74 797 246 846 millia³
281 809 567 846 armatorum
602 797 928 846 Romanorum
967 799 1251 847 tuebantur.
1298 801 1392 849 Sed
1422 801 1626 853 lixarum

73 875 344 936 multitudo,
366 874 550 924 turbata
573 892 686 940 pace
705 875 817 924 illuc
840 887 1137 943 congregata,
1172 889 1218 926 et·
1255 877 1381 926 bello
1419 879 1625 930 ministra

73 953 247 1002 aderat.

138 1117 218 1159 23.
253 1110 394 1158 PARS
419 1111 716 1170 castrorum,⁴
735 1109 783 1158 in
805 1110 977 1159 collem
1000 1109 1164 1159 leniter
1193 1127 1478 1178 exsurgens3
1515 1130 1624 1179 pars

72 1203 210 1252 aequo
246 1188 485 1237 adibatur:
538 1188 726 1253 quippe,
765 1188 853 1237 illis
892 1189 1114 1248 hibernis,
1153 1190 1353 1238 obsideri
1383 1191 1627 1257 premique

73 1264 367 1325 Germanias,
389 1268 633 1332 Augustus
658 1266 942 1315 crediderat:
979 1284 1132 1333 neque
1154 1285 1378 1334 umquam
1399 1269 1448 1317 id
1478 1269 1626 1319 malo-

68 1358 196 1402 rum,
219 1354 271 1391 ut
300 1355 622 1410 oppugnatum
644 1345 767 1392 ultro
794 1345 999 1412 legiones
1015 1357 1194 1394 nostras
1210 1346 1434 1395 venirent.
1488 1347 1622 1396 rInde

68 1434 166 1470 non
200 1420 323 1480 loco,
359 1437 512 1486 neque
551 1422 850 1471 munimentis
881 1422 1013 1472 labor
1048 1423 1262 1471 additus:
1313 1424 1380 1472 vis
1420 1435 1465 1473 et
1492 1441 1624 1474 arma

69 1497 175 1546 satis
211 1499 486 1563 placebant-⁵
556 1499 733 1559 Batavi,
772 1497 1258 1566 Transrhenanique,⁶
1292 1501 1389 1566 quo
1425 1502 1624 1552 discreta

69 1574 213 1626 virtus
236 1575 524 1626 manifestius
540 1589 841 1644 spectaretur,
877 1579 961 1628 sibi
984 1597 1184 1645 quaeque
1205 1595 1320 1643 gens
1351 1579 1623 1640 consistunt,

63 1653 254 1702 ernirxus
289 1654 573 1704 lacessentes.
641 1656 756 1705 Post
794 1657 874 1705 ubi
915 1658 1138 1722 pleraque
1173 1657 1375 1705 telorum
1415 1657 1624 1708 turribus

54 1734 56 1739 '
67 1730 312 1798 pimusque
333 1732 562 1784 moenium
582 1732 718 1782 inrita
739 1735 996 1800 haerebant,
1032 1746 1078 1783 et
1100 1735 1302 1801 desuper
1322 1735 1445 1785 saxis
1461 1736 1622 1786 vulne-

882 1930 945 1975 lis,
973 1931 1119 1968 externi
1140 1930 1276 1970 faciem
1294 1931 1505 1971 referebant
1524 1932 1618 1971 fera-

881 1998 966 2023 rum
983 1985 1176 2036 imagines.

65 1909 195 1964 otnnes
211 1925 345 1978 scripti
370 1933 409 1965 et
434 1927 527 1965 editi
547 1933 685 1979 praeter
715 1929 804 1969 MS.

67 1979 167 2018 Bud.
182 1980 322 2018 habent
336 1987 552 2032 utramque.
549 1997 556 2004 ·
589 1982 706 2033 igitur
729 1996 802 2022 vox

64 2034 273 2072 retinenda.
290 2035 375 2073 Nec
387 2037 804 2077 emendandumutrim-

65 2100 149 2137 que,
175 2089 215 2127 id
241 2097 308 2135 est,
338 2102 455 2141 supra
472 2097 509 2127 et
528 2090 626 2128 infra
650 2099 802 2139 castra3

61 2138 156 2184 cum
175 2154 251 2180 non
279 2144 474 2194 utrimque
502 2145 652 2182 tantum
678 2153 804 2184 castra

60 2207 233 2246 premere
247 2198 569 2247 potueritCivilis,
579 2199 643 2236 sed
657 2207 801 2238 utram-

63 2262 139 2298 que
168 2251 284 2289 etiam
314 2251 437 2290 Rheni
470 2253 592 2303 ripam
620 2253 801 2301 ominem,

65 2302 254 2342 sinistram
275 2317 365 2343 cum
385 2306 462 2343 suis
482 2307 649 2352 Batavis,
666 2314 703 2344 et
715 2321 801 2358 quae

63 2366 311 2405 accesserant,
328 2360 503 2406 auxiliis,
516 2360 689 2398 dextram
709 2375 800 2399 cum

62 2411 356 2450 adventantibus
371 2413 585 2455 Germanis.
616 2415 680 2453 Sic
699 2417 800 2453 enim

60 2465 146 2502 visu
176 2466 442 2514 truculentior,
478 2476 517 2506 et
551 2469 801 2508 abundabant

62 2528 312 2558 commeatus.
369 2521 551 2561 Romanis
595 2523 684 2560 vero
718 2536 800 2574 spes

61 2572 183 2610 omnis
203 2570 423 2613 interclusa.

114 2678 129 2700 ²
159 2679 373 2720 Ferarum
359 2683 550 2734 zmagines.
591 2682 680 2722 Hac
699 2685 746 2723 de
762 2698 800 2723 re

57 2733 334 2784 plnrainfrade
343 2737 522 2774 Moribus
534 2738 614 2776 Ge1
616 2751 717 2777 man
721 2751 800 2778 vn.

112 2783 371 2840 ''Externique
380 2791 503 2843 facie.
535 2792 685 2842 Nempe
703 2802 803 2831 vete-

57 2852 236 2883 ranarum
254 2843 471 2883 cohortium
482 2845 588 2896 signa
603 2846 693 2885 belli
711 2847 804 2886 civi-

934 2036 951 2059 ³
974 2039 1049 2077 Vix
1065 2040 1221 2090 quinque
1238 2039 1368 2078 millia.
1413 2038 1525 2078 Adeo
1550 2039 1621 2079 Vi·

881 2093 1009 2131 tellius
1027 2093 1096 2131 has
1116 2094 1280 2146 legiones
1297 2094 1555 2142 imminuerat,
1574 2100 1620 2133 ut

875 2149 958 2198 jam
977 2148 1196 2185 monuimus
1213 2160 1330 2198 supra
1348 2160 1435 2198 cap.
1455 2153 1520 2187 20.

933 2199 953 2222 4
981 2202 1082 2239 Pars
1118 2206 1339 2242 castrorum.
1374 2202 1513 2240 Castra
1548 2202 1618 2241 illa

879 2262 969 2294 sunt
1003 2256 1156 2303 Vetera,
1198 2269 1263 2293 seu
1303 2256 1441 2293 Vetera
1479 2265 1618 2303 castra,

882 2316 925 2347 ut
948 2311 1031 2359 jam
1061 2310 1208 2347 dictum
1241 2320 1329 2360 cap.
1363 2314 1424 2347 18.
1461 2310 1519 2348 Ea
1536 2311 1619 2348 Au—

878 2371 1010 2414 gustus
1029 2364 1179 2401 duabus
1198 2363 1411 2415 legionibus
1426 2371 1618 2414 posuerat.

881 2418 1006 2456 Unius
1034 2427 1159 2455 castra
1189 2419 1227 2455 in
1257 2417 1368 2462 colle,
1402 2417 1558 2456 alterius
1570 2419 1619 2459 -iu

877 2471 1005 2521 plano.
1063 2472 1203 2509 Vetera
1221 2479 1349 2510 autem
1376 2471 1617 2519 dicebantur,

877 2525 979 2575 quod
1001 2525 1076 2563 alia
1094 2525 1224 2576 postea
1250 2525 1287 2564 in
1308 2525 1518 2564 Germanis
1548 2539 1618 2578 po—

876 2586 949 2616 slta
965 2586 1065 2617 sunt.

930 2631 944 2653 ⁵
992 2633 1105 2671 Conf.
1161 2632 1365 2671 Ruhnken.
1420 2634 1470 2671 ad
1508 2634 1615 2673 Vell.

879 2687 1030 2725 Patere..
1051 2687 1136 2725 Lib.
1157 2699 1207 2724 11.
1227 2700 1313 2738 cap.
1335 2691 1423 2726 112.

931 2736 951 2758 ⁶
997 2740 1360 2792 Transrhenanique.
1425 2742 1615 2789 Bructeri,

878 2794 1070 2842 Tencteri,
1098 2795 1291 2847 ceterique
1319 2796 1503 2835 Germani
1547 2810 1615 2849 po-

879 2848 977 2901 puli.
