<?xml version="1.0" encoding="UTF-8"?>
<!DOCTYPE html PUBLIC "-//W3C//DTD XHTML 1.0 Transitional//EN"
    "http://www.w3.org/TR/xhtml1/DTD/xhtml1-transitional.dtd">
<html xmlns="http://www.w3.org/1999/xhtml" xml:lang="en" lang="en">
 <head>
  <title>
</title>
<meta http-equiv="Content-Type" content="text/html;charset=utf-8" />
  <meta name='ocr-system' content='tesseract 3.04.00' />
  <meta name='ocr-capabilities' content='ocr_page ocr_carea ocr_par ocr_line ocrx_word'/>
</head>
<body>
  <div class='ocr_page' id='page_1' title='image "./operarecognovite03taciuoft/operarecognovite03taciuoft_0193.png"; bbox 0 0 1786 3204; ppageno 0'>
   <div class='ocr_carea' id='block_1_1' title="bbox 102 103 1644 163">
    <p class='ocr_par' dir='ltr' id='par_1_1' title="bbox 102 103 1644 163">
     <span class='ocr_line' id='line_1_1' title="bbox 102 103 1644 163; baseline -0.002 -7"><span class='ocrx_word' id='word_1_1' title='bbox 102 114 144 156; x_wconf 74' lang='lat' dir='ltr'><strong>s.</strong></span> <span class='ocrx_word' id='word_1_2' title='bbox 162 113 296 163; x_wconf 85' lang='lat' dir='ltr'><strong>e.69.</strong></span> <span class='ocrx_word' id='word_1_3' title='bbox 441 106 850 163; x_wconf 74' lang='lat' dir='ltr'><strong>,HISTOmARUM</strong></span> <span class='ocrx_word' id='word_1_4' title='bbox 880 103 1043 148; x_wconf 68' lang='lat' dir='ltr'><strong>Lmen</strong></span> <span class='ocrx_word' id='word_1_5' title='bbox 1068 107 1314 151; x_wconf 64' lang='lat' dir='ltr'><strong>‘remus</strong></span> <span class='ocrx_word' id='word_1_6' title='bbox 1567 117 1644 154; x_wconf 65' lang='grc' dir='ltr'><strong>ηε</strong></span> 
     </span>
    </p>
   </div>
   <div class='ocr_carea' id='block_1_2' title="bbox 76 203 1640 1211">
    <p class='ocr_par' dir='ltr' id='par_1_2' title="bbox 76 203 1640 1211">
     <span class='ocr_line' id='line_1_2' title="bbox 96 203 1638 285; baseline 0.002 -22"><span class='ocrx_word' id='word_1_7' title='bbox 96 203 360 285; x_wconf 58' lang='lat' dir='ltr'><strong>“integras</strong></span> <span class='ocrx_word' id='word_1_8' title='bbox 402 215 522 264; x_wconf 72' lang='lat' dir='ltr'><strong>virae</strong></span> <span class='ocrx_word' id='word_1_9' title='bbox 563 211 814 263; x_wconf 87' lang='lat' dir='ltr'><strong>attulerint.</strong></span> <span class='ocrx_word' id='word_1_10' title='bbox 883 211 933 260; x_wconf 87' lang='lat' dir='ltr'><strong>Si</strong></span> <span class='ocrx_word' id='word_1_11' title='bbox 966 227 1192 262; x_wconf 87' lang='lat' dir='ltr'><strong>numerus</strong></span> <span class='ocrx_word' id='word_1_12' title='bbox 1228 213 1428 262; x_wconf 86' lang='lat' dir='ltr'><strong>militum</strong></span> <span class='ocrx_word' id='word_1_13' title='bbox 1461 215 1638 280; x_wconf 65' lang='lat' dir='ltr'><strong>podiis,</strong></span> 
     </span>
     <span class='ocr_line' id='line_1_3' title="bbox 96 289 1638 362; baseline -0.002 -18"><span class='ocrx_word' id='word_1_14' title='bbox 96 300 129 324; x_wconf 89' lang='lat'>“</span> <span class='ocrx_word' id='word_1_15' title='bbox 162 297 308 362; x_wconf 71' lang='lat' dir='ltr'><strong>quam</strong></span> <span class='ocrx_word' id='word_1_16' title='bbox 346 293 583 360; x_wconf 88' lang='lat' dir='ltr'><strong>legionum</strong></span> <span class='ocrx_word' id='word_1_17' title='bbox 622 301 840 355; x_wconf 82' lang='lat' dir='ltr'><strong>putetur3</strong></span> <span class='ocrx_word' id='word_1_18' title='bbox 877 289 984 354; x_wconf 89' lang='lat' dir='ltr'><strong>plus</strong></span> <span class='ocrx_word' id='word_1_19' title='bbox 1017 291 1124 339; x_wconf 89' lang='lat' dir='ltr'><strong>hinc</strong></span> <span class='ocrx_word' id='word_1_20' title='bbox 1159 292 1357 352; x_wconf 88' lang='lat' dir='ltr'><strong>roboris,</strong></span> <span class='ocrx_word' id='word_1_21' title='bbox 1387 291 1500 340; x_wconf 87' lang='lat' dir='ltr'><strong>nihil</strong></span> <span class='ocrx_word' id='word_1_22' title='bbox 1540 292 1638 342; x_wconf 86' lang='lat' dir='ltr'><strong>libi-</strong></span> 
     </span>
     <span class='ocr_line' id='line_1_4' title="bbox 76 367 1640 435; baseline -0.002 -13"><span class='ocrx_word' id='word_1_23' title='bbox 76 377 127 422; x_wconf 81' lang='lat'><strong>.“</strong></span> <span class='ocrx_word' id='word_1_24' title='bbox 159 374 340 432; x_wconf 83' lang='lat' dir='ltr'><strong>diuum,</strong></span> <span class='ocrx_word' id='word_1_25' title='bbox 363 385 410 420; x_wconf 91' lang='lat' dir='ltr'><strong>et</strong></span> <span class='ocrx_word' id='word_1_26' title='bbox 437 369 664 435; x_wconf 86' lang='lat' dir='ltr'>profuisse</span> <span class='ocrx_word' id='word_1_27' title='bbox 686 367 936 432; x_wconf 73' lang='lat' dir='ltr'><strong>disciplinae</strong></span> <span class='ocrx_word' id='word_1_28' title='bbox 958 367 1111 431; x_wconf 90' lang='lat' dir='ltr'><strong>ipsum</strong></span> <span class='ocrx_word' id='word_1_29' title='bbox 1134 369 1378 433; x_wconf 89' lang='lat' dir='ltr'><strong>pudorem.</strong></span> <span class='ocrx_word' id='word_1_30' title='bbox 1446 370 1640 435; x_wconf 85' lang='lat' dir='ltr'>Equites</span> 
     </span>
     <span class='ocr_line' id='line_1_5' title="bbox 79 443 1640 512; baseline -0.003 -12"><span class='ocrx_word' id='word_1_31' title='bbox 79 455 130 490; x_wconf 79' lang='lat'><strong>·“</strong></span> <span class='ocrx_word' id='word_1_32' title='bbox 161 451 296 510; x_wconf 72' lang='lat' dir='ltr'><strong>verb,</strong></span> <span class='ocrx_word' id='word_1_33' title='bbox 339 467 399 497; x_wconf 89' lang='lat' dir='ltr'><strong>ne</strong></span> <span class='ocrx_word' id='word_1_34' title='bbox 437 460 539 496; x_wconf 91' lang='lat' dir='ltr'><strong>tum</strong></span> <span class='ocrx_word' id='word_1_35' title='bbox 579 446 768 511; x_wconf 89' lang='lat' dir='ltr'><strong>quidem</strong></span> <span class='ocrx_word' id='word_1_36' title='bbox 811 443 986 506; x_wconf 79' lang='lat' dir='ltr'><strong>victos;</strong></span> <span class='ocrx_word' id='word_1_37' title='bbox 1028 447 1128 505; x_wconf 87' lang='lat' dir='ltr'><strong>sed,</strong></span> <span class='ocrx_word' id='word_1_38' title='bbox 1172 462 1455 512; x_wconf 88' lang='lat' dir='ltr'><strong>quamquam</strong></span> <span class='ocrx_word' id='word_1_39' title='bbox 1499 448 1640 497; x_wconf 89' lang='lat' dir='ltr'><strong>rebus</strong></span> 
     </span>
     <span class='ocr_line' id='line_1_6' title="bbox 81 521 1639 590; baseline -0.001 -16"><span class='ocrx_word' id='word_1_40' title='bbox 81 533 130 583; x_wconf 62' lang='lat'><strong>-„“</strong></span> <span class='ocrx_word' id='word_1_41' title='bbox 163 527 384 585; x_wconf 88' lang='lat' dir='ltr'><strong>adversis,</strong></span> <span class='ocrx_word' id='word_1_42' title='bbox 422 525 658 590; x_wconf 81' lang='lat' dir='ltr'><strong>disjectam</strong></span> <span class='ocrx_word' id='word_1_43' title='bbox 694 521 866 570; x_wconf 88' lang='lat' dir='ltr'><strong>Vitellii</strong></span> <span class='ocrx_word' id='word_1_44' title='bbox 899 521 1078 570; x_wconf 73' lang='lat' dir='ltr'><strong>aciem-¹</strong></span> <span class='ocrx_word' id='word_1_45' title='bbox 1145 523 1270 573; x_wconf 83' lang='lat' dir='ltr'><strong>Duae</strong></span> <span class='ocrx_word' id='word_1_46' title='bbox 1308 536 1421 573; x_wconf 89' lang='lat' dir='ltr'><strong>tunc</strong></span> <span class='ocrx_word' id='word_1_47' title='bbox 1458 525 1639 573; x_wconf 88' lang='lat' dir='ltr'><strong>Panno-</strong></span> 
     </span>
     <span class='ocr_line' id='line_1_7' title="bbox 76 597 1639 662; baseline -0.003 -8"><span class='ocrx_word' id='word_1_48' title='bbox 76 609 127 662; x_wconf 28' lang='lat'><strong>,“</strong></span> <span class='ocrx_word' id='word_1_49' title='bbox 161 605 277 654; x_wconf 83' lang='lat' dir='ltr'><strong>nicae</strong></span> <span class='ocrx_word' id='word_1_50' title='bbox 294 620 348 652; x_wconf 88' lang='lat' dir='ltr'><strong>ac</strong></span> <span class='ocrx_word' id='word_1_51' title='bbox 375 602 585 650; x_wconf 86' lang='lat' dir='ltr'><strong>Moesicae</strong></span> <span class='ocrx_word' id='word_1_52' title='bbox 607 600 694 648; x_wconf 85' lang='lat' dir='ltr'><strong>alae</strong></span> <span class='ocrx_word' id='word_1_53' title='bbox 715 615 967 662; x_wconf 82' lang='lat' dir='ltr'><strong>perrupere</strong></span> <span class='ocrx_word' id='word_1_54' title='bbox 989 597 1207 648; x_wconf 84' lang='lat' dir='ltr'><strong>hostem.²</strong></span> <span class='ocrx_word' id='word_1_55' title='bbox 1271 602 1415 650; x_wconf 89' lang='lat' dir='ltr'><strong>Nunc</strong></span> <span class='ocrx_word' id='word_1_56' title='bbox 1437 601 1639 650; x_wconf 87' lang='lat' dir='ltr'><strong>sedecim</strong></span> 
     </span>
     <span class='ocr_line' id='line_1_8' title="bbox 97 676 1638 744; baseline -0.002 -13"><span class='ocrx_word' id='word_1_57' title='bbox 97 687 128 709; x_wconf 90' lang='lat'>“</span> <span class='ocrx_word' id='word_1_58' title='bbox 162 683 340 731; x_wconf 88' lang='lat' dir='ltr'><strong>alarum</strong></span> <span class='ocrx_word' id='word_1_59' title='bbox 375 681 621 744; x_wconf 89' lang='lat' dir='ltr'><strong>conjuncta</strong></span> <span class='ocrx_word' id='word_1_60' title='bbox 653 677 801 742; x_wconf 88' lang='lat' dir='ltr'><strong>signa,</strong></span> <span class='ocrx_word' id='word_1_61' title='bbox 835 676 973 740; x_wconf 89' lang='lat' dir='ltr'><strong>pulsu</strong></span> <span class='ocrx_word' id='word_1_62' title='bbox 1005 676 1269 742; x_wconf 89' lang='lat' dir='ltr'><strong>sonituque,</strong></span> <span class='ocrx_word' id='word_1_63' title='bbox 1305 691 1353 727; x_wconf 88' lang='lat' dir='ltr'><strong>et</strong></span> <span class='ocrx_word' id='word_1_64' title='bbox 1385 680 1510 728; x_wconf 90' lang='lat' dir='ltr'><strong>nube</strong></span> <span class='ocrx_word' id='word_1_65' title='bbox 1538 677 1638 744; x_wconf 65' lang='lat' dir='ltr'><strong>ipsa</strong></span> 
     </span>
     <span class='ocr_line' id='line_1_9' title="bbox 95 753 1639 824; baseline -0.001 -17"><span class='ocrx_word' id='word_1_66' title='bbox 95 764 126 787; x_wconf 91' lang='lat'><strong>“</strong></span> <span class='ocrx_word' id='word_1_67' title='bbox 159 755 367 824; x_wconf 86' lang='lat' dir='ltr'><strong>operient</strong></span> <span class='ocrx_word' id='word_1_68' title='bbox 415 774 467 805; x_wconf 89' lang='lat' dir='ltr'><strong>ac</strong></span> <span class='ocrx_word' id='word_1_69' title='bbox 524 753 860 820; x_wconf 85' lang='lat' dir='ltr'><strong>superfundent</strong></span> <span class='ocrx_word' id='word_1_70' title='bbox 914 753 1080 802; x_wconf 89' lang='lat' dir='ltr'><strong>oblitos</strong></span> <span class='ocrx_word' id='word_1_71' title='bbox 1134 755 1404 819; x_wconf 88' lang='lat' dir='ltr'><strong>praeliorum</strong></span> <span class='ocrx_word' id='word_1_72' title='bbox 1462 757 1639 822; x_wconf 81' lang='lat' dir='ltr'><strong>equites</strong></span> 
     </span>
     <span class='ocr_line' id='line_1_10' title="bbox 98 831 1638 902; baseline -0.003 -16"><span class='ocrx_word' id='word_1_73' title='bbox 98 842 128 864; x_wconf 89' lang='lat'><strong><em>“</em></strong></span> <span class='ocrx_word' id='word_1_74' title='bbox 161 852 412 902; x_wconf 86' lang='lat' dir='ltr'><strong>equosque.</strong></span> <span class='ocrx_word' id='word_1_75' title='bbox 482 833 584 881; x_wconf 91' lang='lat' dir='ltr'><strong>Nisi</strong></span> <span class='ocrx_word' id='word_1_76' title='bbox 628 831 730 897; x_wconf 90' lang='lat' dir='ltr'><strong>quis</strong></span> <span class='ocrx_word' id='word_1_77' title='bbox 784 831 966 891; x_wconf 89' lang='lat' dir='ltr'><strong>retinet,</strong></span> <span class='ocrx_word' id='word_1_78' title='bbox 1010 832 1135 880; x_wconf 91' lang='lat' dir='ltr'><strong>idem</strong></span> <span class='ocrx_word' id='word_1_79' title='bbox 1181 850 1341 882; x_wconf 90' lang='lat' dir='ltr'><strong>suasor</strong></span> <span class='ocrx_word' id='word_1_80' title='bbox 1383 846 1638 899; x_wconf 71' lang='lat' dir='ltr'><strong>auctorque</strong></span> 
     </span>
     <span class='ocr_line' id='line_1_11' title="bbox 79 908 1639 977; baseline -0.002 -14"><span class='ocrx_word' id='word_1_81' title='bbox 79 919 127 940; x_wconf 80' lang='lat'><strong>&#39;⁴‘</strong></span> <span class='ocrx_word' id='word_1_82' title='bbox 163 913 338 963; x_wconf 89' lang='lat' dir='ltr'><strong>consilii</strong></span> <span class='ocrx_word' id='word_1_83' title='bbox 361 929 476 966; x_wconf 53' lang='lat' dir='ltr'><strong>ero„</strong></span> <span class='ocrx_word' id='word_1_84' title='bbox 517 912 632 970; x_wconf 88' lang='lat' dir='ltr'><strong>Vos,</strong></span> <span class='ocrx_word' id='word_1_85' title='bbox 654 909 824 974; x_wconf 90' lang='lat' dir='ltr'><strong>quibus</strong></span> <span class='ocrx_word' id='word_1_86' title='bbox 845 908 1032 958; x_wconf 89' lang='lat' dir='ltr'><strong>fortuna</strong></span> <span class='ocrx_word' id='word_1_87' title='bbox 1051 910 1101 957; x_wconf 88' lang='lat' dir='ltr'><strong>in</strong></span> <span class='ocrx_word' id='word_1_88' title='bbox 1122 911 1303 976; x_wconf 89' lang='lat' dir='ltr'><strong>integro</strong></span> <span class='ocrx_word' id='word_1_89' title='bbox 1325 923 1412 971; x_wconf 91' lang='lat' dir='ltr'><strong>est,</strong></span> <span class='ocrx_word' id='word_1_90' title='bbox 1434 911 1639 977; x_wconf 88' lang='lat' dir='ltr'><strong>legiones</strong></span> 
     </span>
     <span class='ocr_line' id='line_1_12' title="bbox 103 986 1638 1051; baseline -0.002 -10"><span class='ocrx_word' id='word_1_91' title='bbox 103 997 135 1020; x_wconf 89' lang='lat'><strong><em>“</em></strong></span> <span class='ocrx_word' id='word_1_92' title='bbox 169 991 416 1048; x_wconf 79' lang='lat' dir='ltr'><strong>continete,</strong></span> <span class='ocrx_word' id='word_1_93' title='bbox 446 987 559 1035; x_wconf 88' lang='lat' dir='ltr'><strong>mihi</strong></span> <span class='ocrx_word' id='word_1_94' title='bbox 589 986 817 1051; x_wconf 72' lang='lat' dir='ltr'><strong>expeditae</strong></span> <span class='ocrx_word' id='word_1_95' title='bbox 841 986 1056 1036; x_wconf 86' lang='lat' dir='ltr'><strong>cohortes</strong></span> <span class='ocrx_word' id='word_1_96' title='bbox 1078 987 1317 1036; x_wconf 90' lang='lat' dir='ltr'><strong>sufficient.</strong></span> <span class='ocrx_word' id='word_1_97' title='bbox 1385 989 1488 1038; x_wconf 88' lang='lat' dir='ltr'><strong>Jam</strong></span> <span class='ocrx_word' id='word_1_98' title='bbox 1517 1006 1638 1038; x_wconf 84' lang='lat' dir='ltr'><strong>rese-</strong></span> 
     </span>
     <span class='ocr_line' id='line_1_13' title="bbox 99 1064 1636 1132; baseline -0.001 -15"><span class='ocrx_word' id='word_1_99' title='bbox 99 1074 131 1097; x_wconf 87' lang='lat'><strong>“</strong></span> <span class='ocrx_word' id='word_1_100' title='bbox 163 1081 310 1126; x_wconf 85' lang='lat' dir='ltr'><strong>ratam</strong></span> <span class='ocrx_word' id='word_1_101' title='bbox 326 1066 520 1124; x_wconf 88' lang='lat' dir='ltr'><strong>Italiam,</strong></span> <span class='ocrx_word' id='word_1_102' title='bbox 535 1064 754 1130; x_wconf 89' lang='lat' dir='ltr'><strong>impulsas</strong></span> <span class='ocrx_word' id='word_1_103' title='bbox 776 1064 948 1112; x_wconf 88' lang='lat' dir='ltr'><strong>Vitellii</strong></span> <span class='ocrx_word' id='word_1_104' title='bbox 970 1082 1044 1114; x_wconf 90' lang='lat' dir='ltr'><strong>res</strong></span> <span class='ocrx_word' id='word_1_105' title='bbox 1065 1065 1276 1114; x_wconf 87' lang='lat' dir='ltr'><strong>audietis:</strong></span> <span class='ocrx_word' id='word_1_106' title='bbox 1297 1066 1473 1132; x_wconf 85' lang='lat' dir='ltr'><strong>juvabit</strong></span> <span class='ocrx_word' id='word_1_107' title='bbox 1483 1067 1636 1132; x_wconf 87' lang='lat' dir='ltr'><strong>sequi,</strong></span> 
     </span>
     <span class='ocr_line' id='line_1_14' title="bbox 99 1142 947 1211; baseline -0.006 -15"><span class='ocrx_word' id='word_1_108' title='bbox 99 1151 129 1174; x_wconf 83' lang='lat'><strong>⁴‘</strong></span> <span class='ocrx_word' id='word_1_109' title='bbox 162 1158 209 1196; x_wconf 91' lang='lat' dir='ltr'><strong>et</strong></span> <span class='ocrx_word' id='word_1_110' title='bbox 230 1145 427 1211; x_wconf 87' lang='lat' dir='ltr'><strong>vestigiis</strong></span> <span class='ocrx_word' id='word_1_111' title='bbox 448 1143 670 1192; x_wconf 87' lang='lat' dir='ltr'><strong>vincentis</strong></span> <span class='ocrx_word' id='word_1_112' title='bbox 691 1142 947 1192; x_wconf 86' lang='lat' dir='ltr'><strong>insistere.&#39;’</strong></span> 
     </span>
    </p>
   </div>
   <div class='ocr_carea' id='block_1_3' title="bbox 75 1298 1640 2062">
    <p class='ocr_par' dir='ltr' id='par_1_3' title="bbox 75 1298 1640 2062">
     <span class='ocr_line' id='line_1_15' title="bbox 164 1298 1639 1367; baseline -0.002 -16"><span class='ocrx_word' id='word_1_113' title='bbox 164 1311 211 1352; x_wconf 81' lang='lat'><strong>3.</strong></span> <span class='ocrx_word' id='word_1_114' title='bbox 246 1303 379 1351; x_wconf 80' lang='lat' dir='ltr'><strong>HAEc</strong></span> <span class='ocrx_word' id='word_1_115' title='bbox 405 1313 450 1350; x_wconf 87' lang='lat' dir='ltr'><strong>et</strong></span> <span class='ocrx_word' id='word_1_116' title='bbox 471 1301 593 1360; x_wconf 90' lang='lat' dir='ltr'><strong>talia,</strong></span> <span class='ocrx_word' id='word_1_117' title='bbox 627 1298 824 1366; x_wconf 85' lang='lat' dir='ltr'><strong>flagrans</strong></span> <span class='ocrx_word' id='word_1_118' title='bbox 856 1301 1020 1361; x_wconf 88' lang='lat' dir='ltr'><strong>oculis,</strong></span> <span class='ocrx_word' id='word_1_119' title='bbox 1052 1302 1171 1351; x_wconf 84' lang='lat' dir='ltr'><strong>truci</strong></span> <span class='ocrx_word' id='word_1_120' title='bbox 1204 1307 1345 1362; x_wconf 86' lang='lat' dir='ltr'><strong>voce,&#39;</strong></span> <span class='ocrx_word' id='word_1_121' title='bbox 1367 1301 1466 1367; x_wconf 71' lang='lat' dir='ltr'><strong>quo</strong></span> <span class='ocrx_word' id='word_1_122' title='bbox 1500 1300 1639 1365; x_wconf 70' lang='lat' dir='ltr'><strong>latius</strong></span> 
     </span>
     <span class='ocr_line' id='line_1_16' title="bbox 95 1378 1639 1444; baseline -0.001 -15"><span class='ocrx_word' id='word_1_123' title='bbox 95 1380 351 1438; x_wconf 77' lang='lat' dir='ltr'><strong>audiretur,</strong></span> <span class='ocrx_word' id='word_1_124' title='bbox 381 1380 452 1444; x_wconf 90' lang='lat' dir='ltr'><strong>(et</strong></span> <span class='ocrx_word' id='word_1_125' title='bbox 473 1378 597 1426; x_wconf 89' lang='lat' dir='ltr'><strong>enim</strong></span> <span class='ocrx_word' id='word_1_126' title='bbox 619 1394 668 1426; x_wconf 92' lang='lat' dir='ltr'><strong>se</strong></span> <span class='ocrx_word' id='word_1_127' title='bbox 692 1378 983 1427; x_wconf 87' lang='lat' dir='ltr'><strong>centuriones</strong></span> <span class='ocrx_word' id='word_1_128' title='bbox 1006 1390 1051 1427; x_wconf 91' lang='lat' dir='ltr'><strong>et</strong></span> <span class='ocrx_word' id='word_1_129' title='bbox 1077 1380 1267 1444; x_wconf 89' lang='lat' dir='ltr'><strong>quidam</strong></span> <span class='ocrx_word' id='word_1_130' title='bbox 1295 1379 1494 1429; x_wconf 86' lang='lat' dir='ltr'><strong>militum</strong></span> <span class='ocrx_word' id='word_1_131' title='bbox 1527 1395 1639 1428; x_wconf 86' lang='lat' dir='ltr'><strong>con·</strong></span> 
     </span>
     <span class='ocr_line' id='line_1_17' title="bbox 95 1454 1638 1522; baseline -0.002 -14"><span class='ocrx_word' id='word_1_132' title='bbox 95 1458 197 1508; x_wconf 87' lang='lat' dir='ltr'><strong>silio</strong></span> <span class='ocrx_word' id='word_1_133' title='bbox 219 1455 520 1517; x_wconf 84' lang='lat' dir='ltr'><strong>miscuerant)</strong></span> <span class='ocrx_word' id='word_1_134' title='bbox 550 1455 612 1502; x_wconf 88' lang='lat' dir='ltr'><strong>ita</strong></span> <span class='ocrx_word' id='word_1_135' title='bbox 634 1454 814 1515; x_wconf 89' lang='lat' dir='ltr'><strong>effudit,</strong></span> <span class='ocrx_word' id='word_1_136' title='bbox 844 1467 896 1511; x_wconf 85' lang='lat' dir='ltr'><strong>ut</strong></span> <span class='ocrx_word' id='word_1_137' title='bbox 929 1468 1088 1504; x_wconf 88' lang='lat' dir='ltr'><strong>cautos</strong></span> <span class='ocrx_word' id='word_1_138' title='bbox 1121 1473 1310 1522; x_wconf 90' lang='lat' dir='ltr'><strong>quoque</strong></span> <span class='ocrx_word' id='word_1_139' title='bbox 1344 1474 1397 1506; x_wconf 90' lang='lat' dir='ltr'><strong>ac</strong></span> <span class='ocrx_word' id='word_1_140' title='bbox 1420 1457 1638 1522; x_wconf 85' lang='lat' dir='ltr'><strong>providos</strong></span> 
     </span>
     <span class='ocr_line' id='line_1_18' title="bbox 94 1533 1637 1600; baseline 0 -18"><span class='ocrx_word' id='word_1_141' title='bbox 94 1545 387 1600; x_wconf 84' lang='lat' dir='ltr'><strong>permoveret</strong></span> <span class='ocrx_word' id='word_1_142' title='bbox 406 1553 421 1593; x_wconf 90' lang='lat'>;</span> <span class='ocrx_word' id='word_1_143' title='bbox 457 1533 644 1599; x_wconf 79' lang='lat' dir='ltr'><strong>vulgus,</strong></span> <span class='ocrx_word' id='word_1_144' title='bbox 666 1546 712 1582; x_wconf 92' lang='lat' dir='ltr'><strong>et</strong></span> <span class='ocrx_word' id='word_1_145' title='bbox 734 1533 891 1594; x_wconf 85' lang='lat' dir='ltr'><strong>ceteri,</strong></span> <span class='ocrx_word' id='word_1_146' title='bbox 925 1539 960 1562; x_wconf 90' lang='grc'><strong>“</strong></span> <span class='ocrx_word' id='word_1_147' title='bbox 983 1550 1130 1582; x_wconf 89' lang='lat' dir='ltr'><strong>unum</strong></span> <span class='ocrx_word' id='word_1_148' title='bbox 1152 1536 1305 1597; x_wconf 85' lang='lat' dir='ltr'><strong>virum</strong></span> <span class='ocrx_word' id='word_1_149' title='bbox 1326 1535 1589 1599; x_wconf 89' lang='lat' dir='ltr'><strong>ducemque</strong></span> <span class='ocrx_word' id='word_1_150' title='bbox 1604 1534 1637 1556; x_wconf 79' lang='lat'><strong>’⁸</strong></span> 
     </span>
     <span class='ocr_line' id='line_1_19' title="bbox 75 1609 1640 1676; baseline 0 -16"><span class='ocrx_word' id='word_1_151' title='bbox 75 1611 250 1675; x_wconf 66' lang='lat' dir='ltr'><strong>spreta</strong></span> <span class='ocrx_word' id='word_1_152' title='bbox 289 1616 323 1639; x_wconf 91' lang='lat'><strong>“</strong></span> <span class='ocrx_word' id='word_1_153' title='bbox 345 1611 542 1660; x_wconf 88' lang='lat' dir='ltr'><strong>aliorum</strong></span> <span class='ocrx_word' id='word_1_154' title='bbox 581 1610 827 1676; x_wconf 49' lang='lat' dir='ltr'><strong>segnitia?</strong></span> <span class='ocrx_word' id='word_1_155' title='bbox 879 1610 1090 1660; x_wconf 88' lang='lat' dir='ltr'><strong>laudibus</strong></span> <span class='ocrx_word' id='word_1_156' title='bbox 1134 1609 1323 1660; x_wconf 87' lang='lat' dir='ltr'><strong>ferrent.</strong></span> <span class='ocrx_word' id='word_1_157' title='bbox 1392 1611 1528 1660; x_wconf 84' lang='lat' dir='ltr'><strong>Hanc</strong></span> <span class='ocrx_word' id='word_1_158' title='bbox 1568 1610 1640 1660; x_wconf 86' lang='lat' dir='ltr'><strong>sui</strong></span> 
     </span>
     <span class='ocr_line' id='line_1_20' title="bbox 92 1687 1640 1753; baseline -0.001 -16"><span class='ocrx_word' id='word_1_159' title='bbox 92 1687 266 1737; x_wconf 79' lang='lat' dir='ltr'><strong>famam</strong></span> <span class='ocrx_word' id='word_1_160' title='bbox 287 1687 343 1736; x_wconf 63' lang='lat' dir='ltr'><strong>ea</strong></span> <span class='ocrx_word' id='word_1_161' title='bbox 377 1688 528 1736; x_wconf 89' lang='lat' dir='ltr'><strong>statim</strong></span> <span class='ocrx_word' id='word_1_162' title='bbox 549 1688 773 1736; x_wconf 90' lang='lat' dir='ltr'><strong>concione</strong></span> <span class='ocrx_word' id='word_1_163' title='bbox 794 1700 1125 1748; x_wconf 85' lang='lat' dir='ltr'><strong>commoverat,</strong></span> <span class='ocrx_word' id='word_1_164' title='bbox 1156 1689 1268 1753; x_wconf 67' lang='lat' dir='ltr'><strong>qua,</strong></span> <span class='ocrx_word' id='word_1_165' title='bbox 1300 1687 1496 1737; x_wconf 88' lang='lat' dir='ltr'><strong>recitatis</strong></span> <span class='ocrx_word' id='word_1_166' title='bbox 1527 1688 1640 1736; x_wconf 81' lang='lat' dir='ltr'><strong>Ves-</strong></span> 
     </span>
     <span class='ocr_line' id='line_1_21' title="bbox 94 1765 1638 1830; baseline 0.001 -17"><span class='ocrx_word' id='word_1_167' title='bbox 94 1765 266 1830; x_wconf 83' lang='lat' dir='ltr'><strong>pasiani</strong></span> <span class='ocrx_word' id='word_1_168' title='bbox 302 1765 520 1829; x_wconf 86' lang='lat' dir='ltr'><strong>epistolis,</strong></span> <span class='ocrx_word' id='word_1_169' title='bbox 558 1781 672 1825; x_wconf 90' lang='lat' dir='ltr'><strong>non,</strong></span> <span class='ocrx_word' id='word_1_170' title='bbox 707 1777 760 1814; x_wconf 89' lang='lat' dir='ltr'><strong>ut</strong></span> <span class='ocrx_word' id='word_1_171' title='bbox 803 1765 1024 1830; x_wconf 89' lang='lat' dir='ltr'><strong>plerique,</strong></span> <span class='ocrx_word' id='word_1_172' title='bbox 1066 1766 1240 1814; x_wconf 88' lang='lat' dir='ltr'><strong>incerta</strong></span> <span class='ocrx_word' id='word_1_173' title='bbox 1271 1766 1500 1825; x_wconf 86' lang='lat' dir='ltr'><strong>disseruit,</strong></span> <span class='ocrx_word' id='word_1_174' title='bbox 1544 1765 1638 1814; x_wconf 91' lang='lat' dir='ltr'><strong>huc</strong></span> 
     </span>
     <span class='ocr_line' id='line_1_22' title="bbox 75 1842 1636 1908; baseline 0 -18"><span class='ocrx_word' id='word_1_175' title='bbox 75 1842 204 1894; x_wconf 28' lang='lat' dir='ltr'><strong>&gt;illuc</strong></span> <span class='ocrx_word' id='word_1_176' title='bbox 226 1854 456 1892; x_wconf 89' lang='lat' dir='ltr'><strong>tracturus</strong></span> <span class='ocrx_word' id='word_1_177' title='bbox 477 1843 915 1907; x_wconf 88' lang='lat' dir='ltr'><strong>interpretationem,</strong></span> <span class='ocrx_word' id='word_1_178' title='bbox 942 1855 1082 1908; x_wconf 89' lang='lat' dir='ltr'><strong>prout</strong></span> <span class='ocrx_word' id='word_1_179' title='bbox 1115 1844 1445 1903; x_wconf 77' lang='lat' dir='ltr'><strong>conduxisset3</strong></span> <span class='ocrx_word' id='word_1_180' title='bbox 1479 1842 1636 1907; x_wconf 74' lang='lat' dir='ltr'><strong>aperte</strong></span> 
     </span>
     <span class='ocr_line' id='line_1_23' title="bbox 94 1919 1638 1987; baseline 0.002 -20"><span class='ocrx_word' id='word_1_181' title='bbox 94 1919 382 1968; x_wconf 87' lang='lat' dir='ltr'><strong>descendisse</strong></span> <span class='ocrx_word' id='word_1_182' title='bbox 419 1919 468 1967; x_wconf 90' lang='lat' dir='ltr'><strong>in</strong></span> <span class='ocrx_word' id='word_1_183' title='bbox 504 1937 688 1968; x_wconf 89' lang='lat' dir='ltr'><strong>causam</strong></span> <span class='ocrx_word' id='word_1_184' title='bbox 721 1920 994 1970; x_wconf 87' lang='lat' dir='ltr'><strong>videbatur:</strong></span> <span class='ocrx_word' id='word_1_185' title='bbox 1029 1921 1183 1986; x_wconf 68' lang='lat' dir='ltr'><strong>eoque</strong></span> <span class='ocrx_word' id='word_1_186' title='bbox 1215 1921 1390 1987; x_wconf 80' lang='lat' dir='ltr'><strong>gratior</strong></span> <span class='ocrx_word' id='word_1_187' title='bbox 1419 1919 1638 1970; x_wconf 81' lang='lat' dir='ltr'><strong>militibus</strong></span> 
     </span>
     <span class='ocr_line' id='line_1_24' title="bbox 96 1996 852 2062; baseline 0.003 -18"><span class='ocrx_word' id='word_1_188' title='bbox 96 2008 211 2055; x_wconf 89' lang='lat' dir='ltr'><strong>erat,</strong></span> <span class='ocrx_word' id='word_1_189' title='bbox 232 1997 383 2062; x_wconf 82' lang='lat' dir='ltr'><strong>culpa:</strong></span> <span class='ocrx_word' id='word_1_190' title='bbox 406 1996 480 2044; x_wconf 89' lang='lat' dir='ltr'><strong>vel</strong></span> <span class='ocrx_word' id='word_1_191' title='bbox 502 1997 663 2062; x_wconf 86' lang='lat' dir='ltr'><strong>gloriae</strong></span> <span class='ocrx_word' id='word_1_192' title='bbox 686 1997 852 2047; x_wconf 90' lang='lat' dir='ltr'><strong>socius.</strong></span> 
     </span>
    </p>
   </div>
   <div class='ocr_carea' id='block_1_4' title="bbox 91 2150 1642 2543">
    <p class='ocr_par' dir='ltr' id='par_1_4' title="bbox 91 2150 1642 2543">
     <span class='ocr_line' id='line_1_25' title="bbox 159 2150 1640 2218; baseline 0 -18"><span class='ocrx_word' id='word_1_193' title='bbox 159 2158 208 2200; x_wconf 77' lang='lat'><strong>4.</strong></span> <span class='ocrx_word' id='word_1_194' title='bbox 242 2151 501 2200; x_wconf 74' lang='lat' dir='ltr'><strong>PRox1MA</strong></span> <span class='ocrx_word' id='word_1_195' title='bbox 538 2150 744 2200; x_wconf 86' lang='lat' dir='ltr'><strong>Cornelii</strong></span> <span class='ocrx_word' id='word_1_196' title='bbox 781 2151 918 2201; x_wconf 86' lang='lat' dir='ltr'><strong>Fusci</strong></span> <span class='ocrx_word' id='word_1_197' title='bbox 949 2152 1261 2218; x_wconf 88' lang='lat' dir='ltr'><strong>procuratoris</strong></span> <span class='ocrx_word' id='word_1_198' title='bbox 1292 2151 1565 2201; x_wconf 80' lang='lat' dir='ltr'><strong>auctoritas:</strong></span> <span class='ocrx_word' id='word_1_199' title='bbox 1600 2151 1640 2201; x_wconf 92' lang='lat' dir='ltr'><strong>is</strong></span> 
     </span>
     <span class='ocr_line' id='line_1_26' title="bbox 93 2228 1639 2294; baseline 0.001 -17"><span class='ocrx_word' id='word_1_200' title='bbox 93 2243 281 2292; x_wconf 85' lang='lat' dir='ltr'><strong>quoque</strong></span> <span class='ocrx_word' id='word_1_201' title='bbox 315 2228 616 2277; x_wconf 87' lang='lat' dir='ltr'><strong>inclementer</strong></span> <span class='ocrx_word' id='word_1_202' title='bbox 646 2230 695 2278; x_wconf 89' lang='lat' dir='ltr'><strong>in</strong></span> <span class='ocrx_word' id='word_1_203' title='bbox 726 2230 965 2278; x_wconf 89' lang='lat' dir='ltr'><strong>Vitellium</strong></span> <span class='ocrx_word' id='word_1_204' title='bbox 999 2231 1154 2279; x_wconf 88' lang='lat' dir='ltr'><strong>invehi</strong></span> <span class='ocrx_word' id='word_1_205' title='bbox 1187 2230 1364 2289; x_wconf 89' lang='lat' dir='ltr'><strong>solitus,</strong></span> <span class='ocrx_word' id='word_1_206' title='bbox 1397 2229 1511 2277; x_wconf 90' lang='lat' dir='ltr'><strong>nihil</strong></span> <span class='ocrx_word' id='word_1_207' title='bbox 1541 2230 1639 2294; x_wconf 87' lang='lat' dir='ltr'><strong>spei</strong></span> 
     </span>
     <span class='ocr_line' id='line_1_27' title="bbox 92 2304 1638 2372; baseline 0.003 -21"><span class='ocrx_word' id='word_1_208' title='bbox 92 2304 177 2352; x_wconf 89' lang='lat' dir='ltr'><strong>sibi</strong></span> <span class='ocrx_word' id='word_1_209' title='bbox 199 2305 319 2353; x_wconf 88' lang='lat' dir='ltr'><strong>inter</strong></span> <span class='ocrx_word' id='word_1_210' title='bbox 339 2306 530 2354; x_wconf 89' lang='lat' dir='ltr'><strong>adversa</strong></span> <span class='ocrx_word' id='word_1_211' title='bbox 545 2306 807 2371; x_wconf 88' lang='lat' dir='ltr'><strong>reliquerat.</strong></span> <span class='ocrx_word' id='word_1_212' title='bbox 864 2309 925 2355; x_wconf 91' lang='lat' dir='ltr'><strong>T.</strong></span> <span class='ocrx_word' id='word_1_213' title='bbox 950 2308 1152 2372; x_wconf 91' lang='lat' dir='ltr'><strong>Ampius</strong></span> <span class='ocrx_word' id='word_1_214' title='bbox 1172 2308 1447 2366; x_wconf 82' lang='lat' dir='ltr'><strong>Flavianus,3</strong></span> <span class='ocrx_word' id='word_1_215' title='bbox 1471 2307 1638 2355; x_wconf 62' lang='lat' dir='ltr'><strong>natura</strong></span> 
     </span>
     <span class='ocr_line' id='line_1_28' title="bbox 91 2382 1640 2447; baseline 0.001 -18"><span class='ocrx_word' id='word_1_216' title='bbox 91 2397 146 2429; x_wconf 89' lang='lat' dir='ltr'><strong>ac</strong></span> <span class='ocrx_word' id='word_1_217' title='bbox 185 2382 368 2430; x_wconf 67' lang='lat' dir='ltr'><strong>senecta</strong></span> <span class='ocrx_word' id='word_1_218' title='bbox 407 2394 663 2443; x_wconf 89' lang='lat' dir='ltr'><strong>cunctator,</strong></span> <span class='ocrx_word' id='word_1_219' title='bbox 699 2383 981 2447; x_wconf 89' lang='lat' dir='ltr'><strong>suspiciones</strong></span> <span class='ocrx_word' id='word_1_220' title='bbox 1018 2384 1217 2432; x_wconf 88' lang='lat' dir='ltr'><strong>militum</strong></span> <span class='ocrx_word' id='word_1_221' title='bbox 1250 2384 1480 2443; x_wconf 87' lang='lat' dir='ltr'><strong>inritabat,</strong></span> <span class='ocrx_word' id='word_1_222' title='bbox 1523 2396 1640 2431; x_wconf 91' lang='lat' dir='ltr'><strong>tam-</strong></span> 
     </span>
     <span class='ocr_line' id='line_1_29' title="bbox 93 2460 1642 2543; baseline 0.002 -36"><span class='ocrx_word' id='word_1_223' title='bbox 93 2474 237 2523; x_wconf 85' lang='lat' dir='ltr'><strong>quam</strong></span> <span class='ocrx_word' id='word_1_224' title='bbox 292 2460 535 2543; x_wconf 45' lang='lat' dir='ltr'><strong>adfinitffis</strong></span> <span class='ocrx_word' id='word_1_225' title='bbox 548 2463 567 2489; x_wconf 87' lang='lat'><strong>⁴</strong></span> <span class='ocrx_word' id='word_1_226' title='bbox 619 2476 729 2510; x_wconf 85' lang='lat' dir='ltr'><strong>cum</strong></span> <span class='ocrx_word' id='word_1_227' title='bbox 785 2461 971 2509; x_wconf 90' lang='lat' dir='ltr'><strong>Vitellio</strong></span> <span class='ocrx_word' id='word_1_228' title='bbox 1027 2461 1336 2510; x_wconf 87' lang='lat' dir='ltr'><strong>meminisset:</strong></span> <span class='ocrx_word' id='word_1_229' title='bbox 1394 2460 1642 2526; x_wconf 79' lang='lat' dir='ltr'><strong>idemque,</strong></span> 
     </span>
    </p>
   </div>
   <div class='ocr_carea' id='block_1_5' title="bbox 157 2627 1644 2683">
    <p class='ocr_par' dir='ltr' id='par_1_5' title="bbox 157 2627 1644 2683">
     <span class='ocr_line' id='line_1_30' title="bbox 157 2627 1644 2683; baseline 0.002 -17.104"><span class='ocrx_word' id='word_1_230' title='bbox 157 2627 355 2667; x_wconf 73' lang='lat' dir='ltr'><strong>&#39;Vitellii</strong></span> <span class='ocrx_word' id='word_1_231' title='bbox 367 2630 495 2668; x_wconf 70' lang='lat' dir='ltr'><strong>aciem.</strong></span> <span class='ocrx_word' id='word_1_232' title='bbox 525 2631 651 2683; x_wconf 84' lang='lat' dir='ltr'><strong>Supra</strong></span> <span class='ocrx_word' id='word_1_233' title='bbox 667 2630 1037 2669; x_wconf 73' lang='lat' dir='ltr'><strong>Hist.11.nelius</strong></span> <span class='ocrx_word' id='word_1_234' title='bbox 1055 2632 1217 2679; x_wconf 83' lang='lat' dir='ltr'><strong>Fuscus,</strong></span> <span class='ocrx_word' id='word_1_235' title='bbox 1232 2640 1470 2682; x_wconf 83' lang='lat' dir='ltr'><strong>procurator,</strong></span> <span class='ocrx_word' id='word_1_236' title='bbox 1488 2630 1536 2668; x_wconf 87' lang='lat' dir='ltr'><strong>T.</strong></span> <span class='ocrx_word' id='word_1_237' title='bbox 1550 2631 1644 2669; x_wconf 88' lang='lat' dir='ltr'><strong>Am-</strong></span> 
     </span>
    </p>
   </div>
   <div class='ocr_carea' id='block_1_6' title="bbox 99 2684 1646 2897">
    <p class='ocr_par' dir='ltr' id='par_1_6' title="bbox 104 2684 1643 2789">
     <span class='ocr_line' id='line_1_31' title="bbox 104 2684 1643 2746; baseline 0.001 -26"><span class='ocrx_word' id='word_1_238' title='bbox 104 2685 172 2720; x_wconf 80' lang='lat'><strong>43.</strong></span> <span class='ocrx_word' id='word_1_239' title='bbox 914 2685 1001 2746; x_wconf 88' lang='lat' dir='ltr'><strong>pius</strong></span> <span class='ocrx_word' id='word_1_240' title='bbox 1024 2685 1242 2731; x_wconf 84' lang='lat' dir='ltr'><strong>Flavianus,</strong></span> <span class='ocrx_word' id='word_1_241' title='bbox 1273 2696 1397 2723; x_wconf 80' lang='lat' dir='ltr'><strong>rector</strong></span> <span class='ocrx_word' id='word_1_242' title='bbox 1423 2684 1643 2734; x_wconf 83' lang='lat' dir='ltr'><strong>Pannoniae,</strong></span> 
     </span>
     <span class='ocr_line' id='line_1_32' title="bbox 158 2733 1629 2789; baseline 0.001 -15"><span class='ocrx_word' id='word_1_243' title='bbox 158 2733 177 2753; x_wconf 84' lang='lat'><em>²</em></span> <span class='ocrx_word' id='word_1_244' title='bbox 232 2735 452 2787; x_wconf 76' lang='lat' dir='ltr'><strong>Perrupcrc</strong></span> <span class='ocrx_word' id='word_1_245' title='bbox 493 2738 646 2776; x_wconf 76' lang='lat' dir='ltr'><strong>hostem.</strong></span> <span class='ocrx_word' id='word_1_246' title='bbox 702 2737 838 2788; x_wconf 60' lang='lat' dir='ltr'><strong>Pugna</strong></span> <span class='ocrx_word' id='word_1_247' title='bbox 908 2741 993 2789; x_wconf 81' lang='lat' dir='ltr'><strong>jam</strong></span> <span class='ocrx_word' id='word_1_248' title='bbox 1012 2740 1209 2777; x_wconf 78' lang='lat' dir='ltr'><strong>memorati</strong></span> <span class='ocrx_word' id='word_1_249' title='bbox 1232 2751 1348 2788; x_wconf 84' lang='lat' dir='ltr'><strong>supra</strong></span> <span class='ocrx_word' id='word_1_250' title='bbox 1375 2739 1476 2776; x_wconf 88' lang='lat' dir='ltr'><strong>llist.</strong></span> <span class='ocrx_word' id='word_1_251' title='bbox 1495 2751 1545 2776; x_wconf 83' lang='lat'><strong>11.</strong></span> <span class='ocrx_word' id='word_1_252' title='bbox 1564 2735 1629 2776; x_wconf 83' lang='lat'><strong>86.</strong></span> 
     </span>
    </p>

    <p class='ocr_par' dir='ltr' id='par_1_7' title="bbox 102 2788 1642 2846">
     <span class='ocr_line' id='line_1_33' title="bbox 102 2788 1642 2846; baseline 0.002 -20"><span class='ocrx_word' id='word_1_253' title='bbox 102 2788 351 2828; x_wconf 75' lang='lat' dir='ltr'><strong>Bebriacenci</strong></span> <span class='ocrx_word' id='word_1_254' title='bbox 382 2791 516 2840; x_wconf 85' lang='lat' dir='ltr'><strong>pulsus</strong></span> <span class='ocrx_word' id='word_1_255' title='bbox 541 2805 656 2842; x_wconf 75' lang='lat' dir='ltr'><strong>eqms</strong></span> <span class='ocrx_word' id='word_1_256' title='bbox 683 2791 839 2830; x_wconf 78' lang='lat' dir='ltr'><strong>Vitelli·</strong></span> <span class='ocrx_word' id='word_1_257' title='bbox 907 2832 910 2835; x_wconf 66' lang='grc'><em>,</em></span> <span class='ocrx_word' id='word_1_258' title='bbox 967 2789 987 2814; x_wconf 77' lang='lat'><strong>⁴</strong></span> <span class='ocrx_word' id='word_1_259' title='bbox 1017 2792 1217 2842; x_wconf 76' lang='lat' dir='ltr'><strong>Tamquam</strong></span> <span class='ocrx_word' id='word_1_260' title='bbox 1234 2792 1458 2841; x_wconf 60' lang='lat' dir='ltr'><strong>adfinitatis</strong></span> <span class='ocrx_word' id='word_1_261' title='bbox 1484 2793 1642 2846; x_wconf 84' lang='lat' dir='ltr'><strong>Propin-</strong></span> 
     </span>
    </p>

    <p class='ocr_par' dir='ltr' id='par_1_8' title="bbox 99 2842 1646 2897">
     <span class='ocr_line' id='line_1_34' title="bbox 99 2842 1646 2897; baseline 0.003 -19"><span class='ocrx_word' id='word_1_262' title='bbox 99 2854 208 2886; x_wconf 73' lang='lat' dir='ltr'><strong>anuS,</strong></span> <span class='ocrx_word' id='word_1_263' title='bbox 227 2842 478 2882; x_wconf 78' lang='lat' dir='ltr'><strong>Hist.11.44.</strong></span> <span class='ocrx_word' id='word_1_264' title='bbox 914 2859 1014 2897; x_wconf 89' lang='lat' dir='ltr'><strong>quus</strong></span> <span class='ocrx_word' id='word_1_265' title='bbox 1033 2856 1115 2884; x_wconf 81' lang='lat' dir='ltr'><strong>crat</strong></span> <span class='ocrx_word' id='word_1_266' title='bbox 1133 2846 1301 2894; x_wconf 76' lang='lat' dir='ltr'><strong>Vitellii,</strong></span> <span class='ocrx_word' id='word_1_267' title='bbox 1320 2855 1361 2884; x_wconf 87' lang='lat' dir='ltr'><strong>ut</strong></span> <span class='ocrx_word' id='word_1_268' title='bbox 1379 2846 1530 2884; x_wconf 83' lang='lat' dir='ltr'><strong>dicetur</strong></span> <span class='ocrx_word' id='word_1_269' title='bbox 1546 2847 1646 2884; x_wconf 80' lang='lat' dir='ltr'><strong>infra</strong></span> 
     </span>
    </p>
   </div>
   <div class='ocr_carea' id='block_1_7' title="bbox 157 2891 1087 2950">
    <p class='ocr_par' dir='ltr' id='par_1_9' title="bbox 157 2891 1087 2950">
     <span class='ocr_line' id='line_1_35' title="bbox 157 2891 1087 2950; baseline 0.002 -15"><span class='ocrx_word' id='word_1_270' title='bbox 157 2891 172 2913; x_wconf 84' lang='lat'>³</span> <span class='ocrx_word' id='word_1_271' title='bbox 209 2895 254 2935; x_wconf 79' lang='lat' dir='ltr'><strong>T·</strong></span> <span class='ocrx_word' id='word_1_272' title='bbox 284 2894 448 2948; x_wconf 76' lang='lat' dir='ltr'><strong>Ampius</strong></span> <span class='ocrx_word' id='word_1_273' title='bbox 484 2897 522 2937; x_wconf 84' lang='grc' dir='ltr'><em>Γ</em></span> <span class='ocrx_word' id='word_1_274' title='bbox 519 2898 569 2936; x_wconf 79' lang='lat' dir='ltr'><strong>lu</strong></span> <span class='ocrx_word' id='word_1_275' title='bbox 574 2899 702 2938; x_wconf 53' lang='lat' dir='ltr'><strong>ianus.</strong></span> <span class='ocrx_word' id='word_1_276' title='bbox 747 2900 842 2938; x_wconf 84' lang='lat' dir='ltr'><strong>Cur-</strong></span> <span class='ocrx_word' id='word_1_277' title='bbox 914 2913 1001 2950; x_wconf 83' lang='lat' dir='ltr'><strong>cap.</strong></span> <span class='ocrx_word' id='word_1_278' title='bbox 1025 2904 1087 2937; x_wconf 85' lang='lat'><strong>10.</strong></span> 
     </span>
    </p>
   </div>
  </div>
 </body>
</html>
