1786 3204
71 204 110 244 J.
127 202 174 242 c,
189 198 255 246 69.
416 191 807 237 HISTORIARUM
839 195 1003 235 LlssER
1028 196 1276 238 TERTmS.
1546 208 1624 243 245

74 307 111 337 ‘'‘
132 301 358 372 armariss’·
372 301 684 352 nuntiabatur.
719 300 781 350 Et
793 300 956 350 Petilio
981 301 1150 352 Ceriali
1173 314 1386 369 equestre
1407 305 1623 371 praelium

73 385 323 436 adversum
345 379 527 429 fuerat:
563 396 767 444 namque
788 378 1044 440 incautum,
1068 391 1114 428 et
1136 390 1373 447 tamquam
1395 384 1454 432 ad
1476 384 1623 435 victos

70 472 305 520 ruentem,
349 457 598 516 Vitelliani,
651 457 916 523 interjectus
971 459 1112 524 equiti
1163 461 1323 524 pedes,
1376 478 1619 527 excepere.

71 540 338 605 Pugnatum
362 536 486 584 haud
519 535 684 600 procul
719 536 873 594 Urbe,
906 534 1026 583 inter
1048 536 1240 585 aedificia
1267 537 1540 605 hortosque,
1574 552 1621 590 et

70 613 306 665 anfractus
327 614 534 662 viarum·
521 649 537 673 ‚
576 630 682 677 quae
705 628 850 678 gnara
872 609 1141 674 Vitellianis,
1172 614 1459 679 incomperta
1480 617 1621 666 hosti-

71 695 178 754 bus,
200 704 378 741 metum
395 690 627 740 fecerant:
648 706 801 754 neque
822 689 973 738 omnis
995 706 1138 754 eques
1159 707 1372 752 concors,
1394 694 1621 759 adjunctis

71 771 368 837 quibusdam,
412 767 492 834 qui
527 784 677 832 nuper
715 768 839 831 apud
878 768 1104 816 Narniam
1125 771 1138 790 ¹
1178 770 1336 829 dediti,
1381 769 1619 821 for-tunam

71 849 272 916 partium
294 847 678 912 speculabantur:
715 844 893 908 capitur
909 844 1156 910 praefectus
1173 846 1257 895 alae
1275 846 1459 897 Tullius
1472 849 1619 898 Flavi-

67 943 211 976 anus:
247 925 388 974 ceteri
409 923 539 975 foeda
561 922 676 990 fuga
707 934 1076 984 consternantur,
1111 939 1207 974 non
1241 923 1363 974 ultra
1395 924 1617 978 Fidenas²

67 1003 238 1054 secutis
259 1002 523 1053 victoribus.

142 1170 221 1210 80.
256 1162 328 1210 Eo
359 1177 574 1210 successu
611 1158 760 1209 studia
789 1159 949 1224 populi
971 1171 1136 1209 aucta:
1173 1160 1343 1227 vulgus
1365 1161 1618 1219 Urbanum

72 1256 201 1289 arma
230 1239 363 1304 cepit.
432 1239 595 1287 Paucis
634 1245 763 1287 scuta
796 1237 1032 1286 militaria:
1069 1239 1244 1303 plures,
1279 1238 1436 1302 raptis,
1487 1238 1617 1303 quod

70 1317 238 1382 cuique
260 1316 468 1376 obvium,
504 1317 637 1376 telis‚³
663 1321 696 1344 ‘⁶
720 1315 904 1380 signum
933 1317 1145 1381 pugnae''
1170 1326 1442 1380 exposcunt.
1500 1315 1618 1382 Agit

69 1394 468 1460 grates'Vitellius‚
483 1406 528 1443 et
543 1400 576 1423 “
594 1397 652 1444 ad
666 1394 885 1443 tuendam
903 1395 1087 1443 Urbem
1109 1393 1455 1459 prorumpere³⁹
1466 1394 1614 1459 jubet.

69 1473 193 1520 Mox
233 1483 395 1520 vocato
441 1485 618 1533 senatu,
665 1472 932 1537 deliguntur
979 1472 1117 1538 legati
1169 1473 1227 1520 ad
1271 1470 1518 1530 exercitus,
1563 1482 1617 1519 ut

68 1554 298 1613 praeteizto
320 1549 585 1614 reipublicae
610 1549 907 1599 concordiam
920 1566 1176 1615 pacemque
1193 1549 1452 1598 suaderent.
1478 1547 1616 1596 Varia

67 1625 330 1692 legatorum
352 1645 452 1675 sors
469 1627 571 1677 fuit.
624 1628 721 1692 Qui
741 1627 904 1676 Petilio
936 1620 1442 1685 Ceriali'occurrerant,
1465 1636 1617 1674 extre-

69 1720 202 1752 mum
225 1704 471 1753 discrimen
493 1706 664 1765 adiere,
700 1716 970 1769 aspernante
994 1704 1138 1752 milite
1161 1703 1444 1752 conditiones
1460 1703 1613 1768 pacis:

67 1781 337 1830 vulneratur
367 1795 541 1847 praetor
590 1784 829 1831 Arulenus
877 1783 1129 1831 Rusticus:
1150 1784 1171 1811 4
1213 1780 1341 1831 auxit
1379 1780 1614 1840 invidiam,

65 1876 208 1926 super
228 1860 449 1908 violatum
481 1861 617 1927 legati
640 1861 943 1926 praetorisque
965 1876 1156 1919 nomen,
1191 1858 1376 1924 propria
1411 1857 1615 1924 dignatio

66 1938 182 1987 viri:
208 1938 420 2002 palantur
437 1939 650 1988 comites:
685 1938 911 1987 occiditur
925 1937 1168 2002 proximus
1186 1937 1355 1994 lictor,⁵
1378 1935 1618 1984 dimovere

67 2016 253 2064 turbam
276 2032 444 2077 ausus;
482 2028 544 2075 et,
574 2017 623 2064 ni
660 2017 767 2064 dato
791 2015 820 2063 a
854 2016 973 2063 duce
1006 2013 1220 2079 praesidio
1245 2012 1420 2062 defensi
1441 2005 1614 2076 forent,

66 2108 251 2142 sacrum
293 2093 431 2142 etiam
473 2093 594 2142 inter
637 2105 817 2143 exteras
856 2103 1018 2160 gentes
1062 2093 1323 2159 legatorum
1363 2093 1457 2157 jus,
1507 2102 1616 2139 ante

123 2270 274 2322 'Apud
291 2272 481 2312 Narniam
495 2273 627 2313 dediti.
643 2274 698 2313 Ut
711 2274 807 2315 vidi·
874 2286 952 2319 sus,
968 2272 1151 2323 flagitioso
1169 2270 1391 2321 appellabat
1401 2268 1613 2309 Stoicorum

73 2337 157 2362 mus
172 2338 290 2376 supra
306 2339 380 2378 cap
385 2324 478 2365 ..63
873 2323 1281 2365 simiam—Vitelliam
1317 2324 1494 2363 cicatrice
1517 2324 1615 2375 stig-

122 2375 329 2418 ²Fidenas.
350 2381 467 2419 Nunc
480 2379 803 2428 CastelGiubilw,
875 2394 1024 2427 mosum,
1042 2392 1178 2430 nempe
1210 2377 1415 2417 obvsulnu
1440 2378 1546 2428 quod
1572 2379 1612 2415 in

67 2431 116 2470 ad
132 2438 285 2471 sextum
304 2435 352 2472 ab
372 2435 475 2472 Urbe
486 2435 666 2485 lapidem
874 2433 948 2473 hoc
962 2434 1178 2472 discrimine
1192 2433 1356 2483 accepit.
1374 2431 1472 2469 Plin.
1490 2431 1613 2482 Epist.

121 2482 136 2506 ²
168 2486 283 2526 Telis.
325 2488 390 2526 Sic
420 2489 622 2538 Virgilius,
650 2491 801 2529 AEneid.
876 2499 907 2525 1·
927 2491 964 2525 5·

68 2551 147 2579 vn
167 2543 259 2586 507.
930 2539 943 2561 ⁵
973 2541 1172 2580 Proximus
1210 2541 1336 2578 lictor.
1389 2538 1615 2590 Praecipuus

874 2594 1070 2640 hetorum,
1086 2602 1124 2632 ct
1154 2594 1345 2632 incedenti
1374 2593 1612 2643 magistratui

266 2658 355 2686 Quod
364 2660 636 2692 cuiquercpereum
701 2682 705 2686 .
874 2649 1087 2698 proximus.
1105 2648 1168 2686 Sic
1184 2649 1287 2698 apud
1305 2647 1472 2694 Livium,
1486 2658 1614 2685 xxxv.

132 2695 283 2729 Rimanti,
295 2698 388 2724 telum
401 2699 548 2732 ²'⁷'‘¹s‘²⁶‘'‘·
873 2705 940 2740 44.
996 2702 1146 2742 Proeter
1163 2701 1329 2740 undecim
1346 2700 1493 2753 fasces,
1522 2714 1614 2751 equo

868 2761 1079 2806 proevectus
1096 2768 1216 2801 senex,
1233 2760 1277 2793 ut
1291 2755 1430 2801 consul,
1449 2754 1615 2792 animad-

120 2797 141 2821 ⁴
157 2801 348 2841 Arulenus
379 2802 571 2844 Rustic-us
611 2803 700 2844 Jam
717 2804 802 2843 lau·
873 2814 1022 2847 vertere
1045 2809 1254 2860 proximum
1285 2808 1451 2847 lictorem
1473 2808 1614 2858 jussit.

66 2850 179 2891 datus
203 2868 320 2906 supra
354 2858 495 2895 Annal.
523 2856 803 2898 xv1.26.1au·
874 2862 1018 2901 Sestius
1036 2875 1192 2914 quoque
1203 2862 1392 2913 proximus
1405 2861 1519 2899 lictor
1536 2858 1613 2898 ine-

67 2908 217 2946 landus
237 2909 580 2961 infravit.Ag1-ic.
609 2924 660 2951 11.
689 2926 803 2963 quem
873 2926 1046 2956 moratur
1065 2917 1088 2962 fa
1103 2917 1301 2965 Cicerone,
1315 2917 1354 2954 in
1374 2915 1547 2963 Verrem,
1571 2927 1611 2958 v.

70 2961 230 3004 Marcus
243 2963 424 3015 Regulus,
441 2965 524 3016 ejus
540 2966 676 3008 virtuti
688 2966 805 3005 infen-
874 2972 940 3010 54.
