1786 3204
71 169 295 217 J,C.69.‘
361 172 363 176 ¹
417 166 806 213 HISTORIARUM
837 167 1000 207 LIBER
1026 166 1278 206 ruimus,
1541 172 1618 215 193

61 286 284 344 pergunt,
300 285 354 323 ut
366 271 626 339 legionibus
638 270 802 335 primae
819 268 989 318 Italicae
1006 279 1053 317 et
1067 265 1424 317 unietvicesimae
1439 268 1618 335 Rapaci

60 352 394 421 jungerentur:
429 368 544 417 quas
559 350 764 409 Caecina,
787 349 848 397 ad
858 347 1162 397 obtinendam
1178 347 1487 407 Cremonam,
1506 364 1619 398 cum

65 443 196 497 parte
210 430 428 497 “equitum
451 428 749 495 praemiserat.

133 595 210 636 15.
234 588 336 636 Um
351 586 453 634 haec
468 594 706 648 comperta
713 579 940 640 Antonio,
955 579 1190 637 discordes
1202 579 1382 641 animis,
1395 581 1620 634 discretos

65 665 239 714 viribus
256 665 459 713 hostium
482 662 715 711 exercitus
737 659 929 726 adgredi
952 659 1124 718 statuit,
1146 660 1618 724 antequam—ducibus

63 743 327 801 auctoritas,
367 731 498 793 inniti
527 739 820 804 obsequium,
862 748 908 785 et
941 737 1113 802 junctis
1129 738 1409 803 -legionibus
1444 740 1617 788 fiducia

60 820 256 869 rediret:
298 836 500 884 namque
526 816 721 866 Fabium
758 816 1039 874 Valentem,
1065 813 1331 879 profectum
1367 817 1425 864 ab
1461 819 1611 880 Urbe,

59 892 545 962 adceleraturumque,
562 893 750 960 cognita
773 893 978 942 Caecinae
1001 893 1279 958 proditione,
1303 897 1612 960 conjectabat:

66 987 113 1024 et
135 976 258 1024 fidus
281 975 466 1023 Vitellio
489 974 673 1032 Fabius,
699 989 791 1020 nee
810 972 984 1020 militiae
1006 972 1209 1037 ignarus.
1278 972 1429 1020 Simul
1451 973 1616 1040 ingens

69 1055 421 1102 Germanorum
443 1053 528 1112 vis,
560 1069 644 1116 per
670 1052 894 1100 Raetiam¹
917 1050 1187 1099 timebatur:
1224 1048 1354 1098 etex
1376 1051 1616 1101 Britannia

69 1131 318 1195 Galliaque
332 1142 377 1178 et
389 1129 611 1194 Hispania
634 1129 803 1177 auxilia
824 1128 1037 1176 Vitellius
1058 1128 1318 1187 acciverat,²
1339 1128 1616 1179 immensam

65 1209 176 1256 belli
198 1209 343 1268 luem,
376 1208 425 1256 ni
447 1208 701 1267 Antonius,
722 1207 773 1255 id
795 1208 948 1272 ipsum
969 1219 1198 1266 metuens,
1220 1205 1432 1256 festinato
1453 1209 1618 1272 praelio

67 1286 306 1335 victoriam
344 1286 649 1351 praecepisset.
719 1285 954 1334 Universo
990 1294 1100 1333 cum
1131 1285 1357 1345 exercitu,
1401 1287 1618 1352 secundis

51 1363 98 1416 ,ἢ
119 1363 309 1413 Verona
344 1364 535 1423 castris‚³
574 1363 855 1411 Bebriacum
869 1366 889 1392 ⁴
925 1363 1072 1411 venit:
1108 1373 1295 1426 postero
1330 1362 1427 1422 die,
1473 1364 1616 1431 legio-

68 1442 203 1491 nibus
226 1442 284 1490 ad
302 1442 608 1490 muniendum
630 1442 836 1500 retentis,
858 1441 1102 1489 auxiliares
1123 1437 1339 1489 cohortes
1355 1441 1404 1488 in
1420 1433 1616 1491 Cremo-

65 1535 257 1568 nensem
294 1537 462 1586 agrum
507 1521 674 1579 missae,
719 1532 771 1567 ut
808 1519 959 1584 specie
995 1519 1308 1583 parandarum
1355 1520 1614 1583 copiarum,

65 1597 187 1647 civili
209 1597 370 1663 praeda
391 1598 524 1646 miles
545 1598 850 1646 imbueretur.
918 1598 1040 1661 Ipse,
1063 1614 1174 1645 cum
1191 1608 1391 1662 quatuor
1412 1597 1617 1649 millibus

66 1675 295 1740 equitum,
311 1676 370 1724 ad
393 1687 608 1724 octavum
631 1675 659 1723 a
683 1675 909 1724 Bebriaco
928 1679 943 1704 ⁵
966 1691 1257 1741 progressus,
1280 1675 1378 1740 quo
1402 1675 1619 1726 licentius

68 1753 424 1818 popularentur:
476 1753 793 1819 exploratores
843 1755 928 1818 (ut
971 1769 1077 1802 mos
1114 1751 1214 1817 est)
1258 1752 1453 1819 longffls
1483 1770 1617 1803 cura-

70 1827 217 1879 bant.⁶
570 1840 574 1845 ·

142 1992 218 2034 16.
257 1987 482 2050 QmNTA
519 1985 668 2035 ferme
709 1986 848 2034 hora⁷
888 1986 980 2035 diei
1012 1998 1127 2046 erat,
1167 1986 1283 2036 cum
1316 1986 1434 2035 citus
1455 2003 1617 2052 eques,

71 2068 106 2092 “
138 2065 385 2112 adventare
418 2065 590 2124 hostes,
613 2065 844 2131 praegredi
865 2082 1057 2130 paucos,
1078 2075 1261 2114 motum
1283 2063 1619 2130 fremitumque

70 2147 105 2170 ‘⁶
140 2142 231 2190 late
276 2142 475 2202 audiri,'’
531 2143 772 2192 nuntiavit.
822 2144 975 2192 .Dum
1018 2143 1271 2202 Antonius,
1325 2147 1359 2172 “
1394 2143 1619 2208 quidnam

72 2225 106 2249 ‘⁶
140 2220 429 2285 agendum,'’
466 2222 714 2280 consultat,
750 2221 962 2270 aviditate
996 2223 1220 2273 navandae
1254 2237 1409 2285 operae
1448 2219 1621 2268 Arrius

71 2299 224 2346 Varus
271 2315 381 2346 cum
425 2299 749 2363 promtissimis
799 2299 1010 2365 equiturn
1061 2298 1290 2364 prorupit,
1341 2296 1618 2362 impulitque

127 2469 139 2486 ¹
171 2470 248 2508 Per
293 2469 466 2509 Raetiam.
513 2471 703 2511 Flavianis
747 2473 804 2510 in·
873 2479 964 2511 octo
982 2452 1108 2510 millia
1125 2484 1308 2523 passuum
1329 2470 1433 2509 ultra
1458 2468 1618 2508 Bebria»

74 2523 221 2571 sestam,
250 2532 295 2561 ut
324 2525 495 2563 vidimus
526 2539 643 2580 supra
672 2540 759 2577 cap.
780 2532 802 2565 5
875 2539 979 2572 cum,
995 2527 1224 2564 Cremonam
1242 2525 1384 2569 versus,
1397 2537 1443 2562 ac
1456 2523 1614 2575 proinde

76 2585 113 2615 et
134 2582 172 2615 8.
739 2620 748 2627 ..
875 2593 993 2631 prope
1026 2579 1173 2627 locum,
1219 2579 1286 2630 qui
1322 2591 1427 2618 nunc
1470 2578 1615 2615 dicitur

128 2629 145 2646 ²
162 2629 381 2670 Acciverat.
399 2632 526 2682 Supra
547 2633 650 2672 Hist.
670 2647 719 2672 11.
738 2639 806 2680 97.
877 2633 1047 2674 Roncha.

126 2681 143 2705 ³
201 2685 360 2725 Castris.
418 2687 604 2725 Secundis
649 2691 805 2735 castris;
929 2682 947 2704 ⁶
985 2686 1156 2739 Longius
1200 2687 1397 2725 curabant.
1446 2683 1614 2735 Longius

23 2753 26 2755 “
75 2737 195 2790 Angl.
215 2745 286 2777 two
303 2740 406 2791 days'
423 2741 563 2779 march.
874 2741 1189 2792 speculabantur,
1210 2741 1297 2779 loca
1313 2739 1567 2790 exploraturi.

127 2790 147 2812 4
175 2792 408 2832 Bebriacum.
454 2794 676 2835 Othoniana
695 2795 806 2834 clade,
931 2793 945 2815 ⁷
979 2793 1124 2840 Quinta
1142 2794 1272 2846 serm&
1302 2795 1409 2832 liora.
1468 2792 1613 2829 Nostro

75 2846 374 2902 percelebreyut
392 2847 558 2886 vidimus
573 2862 690 2901 supra
706 2850 806 2888 Hist.
877 2860 995 2894 more,
1051 2848 1257 2886 undecima
1313 2847 1467 2886 circiter
1517 2845 1613 2882 hora

77 2911 125 2937 11.
147 2903 198 2938 23
217 2908 256 2937 et
274 2904 342 2945 39.
878 2902 1083 2941 matutina.

130 2949 143 2973 ³
175 2952 241 2992 Ad
267 2960 438 2992 octavum
467 2956 490 2993 ὰ
519 2955 716 2995 Bebriaco.
745 2956 809 2994 Ad

273 3032 392 3066 VOL.
418 3033 495 3068 ΙΙΙ.
1184 3054 1191 3061 -
1296 3034 1335 3066 N
1389 3077 1399 3091 “
