2210 3978
226 119 328 172 650
737 126 942 176 NOTAE
979 128 1066 177 ET
1100 127 1667 181 EMENDATIONES

932 758 1050 814 DE
1089 750 1434 831 JUDAEssg
1483 713 1491 717 ’

395 914 865 975 EORUMQUE
902 916 1375 974 INSTITUTJS
1411 919 1519 974 Ac
1557 919 1962 1006 MORIBUS.

298 1198 473 1252 ORTA
505 1218 598 1268 per
624 1198 911 1268 AEgyptum
938 1200 1072 1263 tabe,
1098 1217 1252 1268 quam
1276 1197 1497 1251 scabiem
1530 1206 1578 1250 et
1602 1197 1933 1270 vitiliginem,
1970 1198 2025 1251 id
2047 1207 2145 1264 est,

219 1290 434 1361 lepram,
473 1291 701 1360 appellat
744 1291 779 1345 J
785 1303 997 1358 ustinus,
1042 1309 1269 1344 XXXVI.
1313 1292 1365 1345 2.
1423 1290 1459 1344 J
1465 1291 1636 1344 udaeos
1687 1292 1922 1360 AEgypto
1940 1272 2143 1374 pulsos

218 1386 377 1438 fuisse
415 1386 567 1438 tradit
595 1386 648 1438 Γ
649 1395 829 1450 ac1tuS,
867 1396 1072 1438 secutus
1113 1384 1525 1451 Chaeremonem,
1560 1404 1620 1437 ac
1646 1384 1869 1437 maxime
1906 1384 2143 1453 Lysima-

221 1480 395 1544 chum,
433 1478 520 1549 qui
557 1479 737 1530 eadem
775 1497 986 1531 ommno
1009 1479 1250 1531 mentitus
1289 1489 1385 1542 est,
1425 1483 1482 1530 ut
1506 1473 1673 1530 videre
1700 1488 1777 1531 est
1814 1479 1951 1548 apud
1986 1477 2143 1532 Jose-

218 1574 398 1643 phum,
424 1581 602 1625 contra
630 1571 908 1642 Apionem‚
941 1570 1031 1624 lib.
1062 1590 1101 1625 1.
1129 1579 1198 1627 33
1225 1582 1276 1624 et
1302 1591 1408 1643 seq.
1983 1568 1985 1570 ’

291 1666 447 1725 Ωαὸά
471 1676 642 1718 autem
667 1664 935 1717 mirificam
961 1664 1310 1717 Hebraeorum
1336 1684 1429 1734 per
1451 1684 1591 1718 mare
1617 1664 1857 1718 Rubrum
1881 1653 2145 1719 transmisss

217 1759 414 1812 sionem
439 1758 634 1811 siluerit
665 1757 900 1824 TacituS,
938 1757 1124 1810 mirum
1149 1757 1308 1810 videri
1347 1778 1451 1811 non
1484 1760 1656 1823 debet,
1697 1758 1816 1811 cum
1854 1758 1965 1828 ipse
1986 1759 2141 1817 Jose-

217 1853 369 1923 phus,
394 1853 538 1923 cujus
559 1851 748 1921 scripta
772 1861 881 1903 tum
905 1850 1259 1916 inclaruerant,
1285 1851 1578 1921 prodigium
1602 1851 1730 1904 illud
1752 1852 2144 1940 itannarraverit,

215 1956 276 1998 ut
299 1946 351 1998 id
375 1945 535 2014 magis
557 1955 817 2009 everteret,
843 1943 1000 2014 quam
1028 1945 1324 1997 adstrueret.
1401 1944 1580 1998 Simile
1605 1945 1739 1998 enim
1763 1955 2060 2015 portentum
2083 1946 2139 1998 in

215 2038 527 2109 Pamphylio
566 2037 711 2104 mari,
748 2026 873 2090 curn
906 2036 1200 2090 Alexander
1238 2037 1467 2107 Magnus
1516 2038 1702 2093 Persas
1746 2038 1884 2092 bello
1922 2049 2138 2131 peteret,

214 2133 489 2203 contigisse
514 2130 824 2184 adseveravit
846 2130 881 2184 J
887 2130 1125 2199 osephus,
1151 2136 1186 2162 “
1209 2130 1391 2202 Antiq.
1414 2132 1542 2186 Jud
1543 2132 1573 2155 ”
1602 2151 1669 2184 11.
1695 2152 1809 2203 cap.
1836 2132 1928 2186 ult.

284 2226 377 2291 At,
403 2224 521 2278 vel
509 2245 560 2278 1n
585 2225 710 2295 ipsis
737 2223 1087 2277 Chaeremonis
1116 2234 1167 2276 et
1195 2223 1487 2293 Lysimachi
1511 2225 1803 2292 mendaciis,
1827 2225 1953 2279 latet
1975 2235 2138 2293 sexta,

212 2339 366 2390 quam
398 2319 547 2372 Deus
573 2316 829 2387 AEgyptiis
863 2315 1051 2382 intulit,
1072 2315 1239 2386 plaga,
1274 2317 1391 2369 cum
1417 2318 1564 2370 foedis
1590 2317 1976 2389 purulentisque
1999 2319 2138 2374 ulce-

211 2414 353 2466 ribus
394 2411 583 2464 infecti·
612 2422 745 2475 sunt,
783 2420 841 2462 ut
878 2416 1047 2462 narrat
1085 2410 1269 2462 Moses
1307 2409 1480 2462 Exod.
1524 2429 1610 2462 lx.
1657 2418 1739 2463 10.
1814 2409 1921 2463 Iter
1961 2422 2148 2466 autem>

210 2505 435 2575 patuisse
460 2503 582 2557 olim
609 2523 702 2573 per
725 2523 866 2556 mare
893 2502 1132 2555 Rubrum
1156 2502 1344 2555 indicat
1365 2503 1703 2556 vetustissima
1726 2505 1866 2574 apud
1892 2503 2137 2575 Ichthyo-

213 2602 423 2671 phagos,
463 2599 615 2669 hujus
652 2597 804 2650 maris
845 2595 1064 2661 accolas,
1103 2606 1154 2647 et
1197 2595 1228 2647 ὲ
1266 2596 1494 2673 patribus
1537 2609 1751 2667 accepta
1786 2598 1939 2663 fama,
1977 2617 2132 2669 quam

209 2694 362 2745 refert
392 2691 658 2751 Diodorus
686 2689 908 2755 Siculus,
933 2688 1023 2743 lib.
1047 2706 1140 2740 111.
1161 2683 1249 2742 40.
1277 2708 1329 2758 p.
1357 2697 1473 2741 122.
1511 2694 1544 2719 “
1565 2688 1754 2758 ingenti
1773 2690 1964 2743 scilicet
1983 2700 2135 2758 aestu,

207 2805 365 2856 aquas
397 2785 652 2854 quondam
691 2783 742 2834 in
780 2781 1046 2851 oppositas
1071 2791 1237 2850 partes
1273 2782 1342 2834 ita
1373 2781 1528 2838 fuisse
1554 2783 1824 2848 revolutas,
1849 2793 1908 2836 ut
1943 2784 2133 2837 fundus

207 2879 360 2931 maris
391 2897 496 2929 non
534 2875 730 2929 tantum
769 2856 1056 2945 appareret,
1098 2876 1186 2926 sed
1223 2875 1376 2927 etiam
1416 2875 1772 2939 exsiccaretur,
1798 2875 1978 2927 deinde
2002 2874 2132 2928 rela-

206 2970 444 3023 bentibus
469 2969 709 3022 fluctibus
734 2968 784 3020 in
812 2967 1082 3038 pristinum
1107 2967 1334 3020 ordinem
1360 2967 1512 3020 fuisse
1539 2967 1843 3020 restitutas.”
1903 2971 2054 3041 Παροὶ.
2082 2968 2129 3020 δὲ

205 3067 299 3125 τοῖς
322 3062 519 3127 πλησίον
554 3066 852 3114 κατοικοῦσιν
887 3060 1225 3132 Ἰχθυοφάγοις
1261 3059 1567 3133 παραδέδοται
1608 3061 1767 3132 λόγος,
1810 3064 1863 3113 ἐκ
1893 3062 2131 3134 προγόνων

204 3154 330 3226 ἔχων
363 3154 717 3223 φυλαττομένην
752 3157 834 3218 τὴν
874 3153 1047 3221 φήμην,
1088 3152 1154 3206 ὅτι
1188 3153 1407 3224 μεγάλης
1438 3156 1557 3215 τινὸς
1594 3153 1837 3226 γενομένης
1872 3155 2135 3224 ἀμπώτεως

203 3246 383 3319 ἐγενήθη
422 3252 503 3299 τοῦ
543 3247 888 3319 κόλπου·ξηρός
925 3251 1019 3307 πᾶς
1054 3250 1075 3297 ὁ
1106 3246 1259 3311 τόπος,
1301 3250 1323 3297 ὁ
1354 3245 1438 3311 τήν
1468 3255 1673 3320 χλωράν
1712 3247 1834 3320 ἔχων
1869 3254 1950 3306 τοῦ
1982 3249 2126 3302 τὸπου
2168 3278 2175 3283 -

202 3339 454 3412 πρόσοψιν,
478 3339 831 3407 μεταπεσούσης
854 3343 934 3402 τῆς
961 3339 1196 3402 θαλάττης
1223 3343 1283 3400 εἲς
1307 3340 1535 3392 τοῖναντία
1560 3339 1696 3413 μέςη·
1739 3342 1958 3406 Φανεῖσης
1981 3342 2028 3394 δὲ
2043 3345 2127 3406 τῆς

201 3435 273 3485 ἐπὶ
297 3437 366 3502 τῷ
398 3433 521 3502 βυθῷ
541 3430 724 3504 χέςσου
750 3431 898 3486 πάλιν
927 3433 1263 3484 ἐπανελθοῦσαν
1290 3431 1492 3497 ἐξαίσιον
1515 3431 1702 3502 πλήμην
1726 3435 2122 3498 ἀποκαταστῆσαι

197 3527 276 3578 τὸν
295 3523 432 3597 πόρον
455 3528 514 3586 εἰς
529 3523 612 3589 τήν
636 3521 1005 3596 προϋπάρξασαν
1029 3522 1182 3590 τάξιν.
