1760 3210
48 169 88 209 J.
107 169 155 209 C.
173 171 242 213 70.
388 164 779 229 HISTORIARUM
809 163 974 204 LIBER:
1000 165 1271 211 QUARTUS.
1523 171 1602 208 335

51 282 158 321 ante
194 268 308 319 alios
323 269 478 318 colit:
513 270 880 334 precabaturque
910 267 1196 334 Principem,
1231 275 1265 298 ‘⁶
1290 280 1340 318 ut
1385 287 1527 336 genas
1555 291 1601 322 e·

48 353 96 402 -“⁴
118 348 376 397 oculorum·
391 347 528 394 orbes
550 346 820 411 dignaretur
840 362 1111 412 respergere
1134 347 1227 406 oris
1247 339 1602 405 excremento.”

52 425 191 481 Alius
222 440 416 475 manum
448 427 609 489 aeger,¹
647 424 815 472 eodem
853 424 962 472 Deo
997 436 1214 484 auctore,
1243 430 1276 454 ‘⁶
1299 438 1352 479 ut
1386 429 1506 490 pede
1544 445 1598 477 ac

0 533 5 546 .
54 509 101 552 “;
109 502 310 568 ,vestigio
334 501 639 560 calcaretur‚''
664 502 839 549 orabat.
890 497 1366 567 Vespasianus‘primo
1383 504 1602 565 inridere,

49 581 300 646 aspernari,
338 590 482 644 ⁴atque
523 579 612 626 illis
655 578 943 638 instantibuS,
989 579 1133 627 modo
1173 579 1346 629 famam
1395 583 1605 632 vanitatis

45 669 276 716 metuere,
293 656 437 712 modo
455 656 768 704 obsecratione
790 657 1016 720 ipsorum,
1039 668 1086 704 et
1107 657 1298 706 vocibus
1314 659 1600 709 adulantium

51 735 100 783 in
137 751 268 800 spem
296 733 480 782 induci:
517 734 754 798 postremo
795 733 1042 782 existimari
1077 734 1105 781 a
1141 735 1328 782 medicis
1356 737 1506 800 jubet,
1541 754 1602 789 an

50 803 155 861 talis¹
185 812 363 861 caecitas
404 829 459 860 ac
498 812 704 860 debilitas
739 829 828 875 ope
873 811 1077 859 humana
1116 812 1396 876 superabiles
1428 813 1597 863 forent.

53 889 372 939 Medici'varie
396 890 646 938 disserere:
684 894 718 917 ‘⁶
741 889 865 937 Huic
884 905 980 937 non
1003 906 1189 937 exesam
1214 889 1306 937 vim
1329 891 1530 951 luminis,
1546 904 1601 952 ⁸et

55 973 87 994 “
120 968 389 1025 redituram,
411 966 448 1016 si
470 967 753 1030 pellerentur
774 966 1028 1015 obstantia:
1053 966 1119 1014 illi
1136 967 1314 1032 elapsos
1335 968 1384 1015 in
1401 986 1599 1032 pravum

56 1051 87 1074 “
119 1056 263 1105 artus,
308 1046 345 1093 si
388 1044 581 1093 salubris
624 1045 692 1092 vis
737 1044 1024 1103 adhibeatur,
1068 1062 1201 1108 posse
1243 1045 1476 1110 integrari.
1546 1047 1600 1095 Id

55 1130 87 1152 “
118 1124 313 1174 fortasse
356 1122 487 1170 cordi
542 1122 674 1182 Deis,
719 1133 766 1170 et
811 1120 966 1170 divino
1011 1122 1260 1171 ministerio
1277 1126 1292 1144 ²
1336 1123 1600 1187 Principem

56 1209 88 1231 ‘⁶
122 1203 351 1251 electum:
387 1199 587 1264 denique
619 1200 782 1264 patrati
815 1200 1007 1248 remedii
1041 1201 1237 1266 gloriam
1270 1217 1410 1264 penes
1447 1203 1600 1252 Caesa-

48 1286 87 1337 ,.‚“
121 1297 252 1339 rem;
305 1278 427 1326 inriti
476 1277 728 1326 ludibrium
786 1294 927 1342 penes
982 1277 1173 1326 miseros
1218 1276 1371 1325 fore.”
1440 1279 1601 1344 Igitur

53 1357 375 1422 Vespasianus,
412 1367 578 1403 cuncta
611 1354 813 1404 fortunae
849 1373 945 1405 suae
981 1368 1136 1420 patere
1170 1366 1315 1415 ratus,
1350 1372 1436 1404 nec
1468 1356 1601 1420 quid-

51 1451 198 1502 quam*
215 1434 342 1489 ultra
365 1432 652 1492 incredibile,
676 1433 784 1480 laeto
806 1433 903 1498 ipse
926 1434 1076 1492 vultu,
1099 1433 1251 1481 erecta
1269 1451 1373 1498 quae
1396 1434 1601 1482 adstabat

52 1511 363 1569 multitudine,
397 1512 522 1576 jussa
560 1511 842 1575 exsequitur.
911 1511 1075 1566 Statim
1109 1527 1330 1559 conversa
1368 1511 1426 1558 ad
1461 1528 1600 1559 usum

0 1582 3 1588 s
51 1597 241 1648 manus,
267 1605 320 1637 ac
357 1604 482 1636 caeco
513 1588 683 1642 reluxit
717 1588 828 1636 dies.
909 1589 1197 1653 Utrumque,
1233 1588 1313 1653 qui
1348 1586 1599 1636 interfuere

44 1683 176 1716 >nunc
234 1682 421 1730 quoque
476 1677 753 1726 memorant,
808 1666 1056 1730 postquam
1111 1665 1295 1714 nullum
1356 1665 1597 1714 mendacio

50 1744 282 1810 pretium.³

118 1906 199 1947 82.
233 1901 448 1947 Ammon
488 1898 598 1947 inde
642 1898 920 1964 Vespasiano
963 1899 1133 1964 cupido
1176 1899 1376 1948 adeundi
1419 1915 1597 1948 sacram

51 1977 221 2035 aedem,
243 1987 295 2024 ut
316 1993 455 2040 super
475 1978 614 2025 rebus
630 1977 810 2042 imperii
832 1979 1107 2026 consuleret.
1160 1983 1194 2006 “
1229 1977 1397 2025 Arceri
1420 1977 1596 2040 templo

54 2058 85 2079 “
117 2065 310 2101 cunctos
325 2054 357 2074 ’'
399 2054 558 2119 jubet:
609 2065 746 2119 atque
785 2055 1034 2121 ingressus,
1069 2054 1362 2119 intentusque
1400 2053 1597 2112 numini,

48 2130 249 2195 respexit
270 2129 392 2194 pone
415 2134 633 2196 tergum4
655 2130 681 2179 ὲ
706 2132 984 2196 primoribus
1015 2132 1384 2198 AEgyptiorum,⁵
1407 2131 1596 2180 nomine

106 2295 119 2314 ¹
161 2295 318 2335 Manum
362 2311 474 2349 aeger.
521 2298 648 2336 Aliter
693 2298 788 2336 Sue·
858 2298 1006 2336 viorum
1026 2299 1177 2337 domus.

53 2351 180 2388 tonius
194 2351 233 2387 in
248 2351 405 2401 Vespas.
425 2364 504 2389 vn.
532 2351 568 2389 E
582 2351 687 2400 plebe
705 2353 785 2402 qui·
910 2351 930 2372 4
957 2352 1061 2390 Pone
1095 2358 1255 2403 tergum.
1300 2351 1474 2389 Intentus
1508 2350 1594 2401 qui-

51 2405 135 2443 dam
157 2404 352 2442 luminibus
380 2406 558 2451 orbatus,
572 2405 660 2442 item
687 2406 784 2444 alius
859 2406 944 2443 dem
965 2407 1138 2451 numini3
1167 2406 1231 2443 sed
1251 2404 1382 2455 aliquo
1400 2411 1509 2442 motu
1527 2418 1595 2443 ex-

50 2458 163 2496 debili
178 2471 300 2503 crure,
317 2456 500 2497 sedentem
515 2471 589 2509 pro
603 2458 786 2496 tribunali
861 2460 1014 2502 citatus,
1035 2461 1200 2510 respexit
1218 2459 1317 2508 pone
1337 2466 1498 2508 tergum.

44 2511 195 2562 pariter
211 2511 276 2550 adi
298 2517 400 2558 runt,
425 2517 577 2550 orantes
595 2525 697 2562 opem
720 2526 786 2550 vu·
916 2510 932 2533 ⁵
977 2512 1012 2550 E
1052 2513 1277 2563 primoribus
1312 2512 1595 2563 AEgyptiorum.

51 2564 228 2603 letudinis
279 2571 543 2605 monstratam
562 2567 585 2604 (ἲ
605 2566 785 2616 Serapide
861 2566 988 2604 Aliter
1005 2566 1133 2604 adhuc
1152 2565 1358 2604 Suetonius
1375 2566 1415 2602 in
1432 2566 1593 2617 Vespas.

45 2631 118 2670 per
131 2619 304 2668 quietem.
861 2631 941 2658 vn.
971 2619 1062 2658 Cum
1082 2620 1323 2670 deflrmz'tate
1340 2619 1489 2669 imperii
1507 2633 1595 2669 cap-

102 2668 121 2686 ²
162 2671 307 2710 Divino
342 2672 564 2710 ministerio.
609 2673 661 2710 Et
690 2671 785 2710 huic
862 2678 971 2711 turus
1001 2674 1216 2724 auspicium,
1244 2673 1353 2710 oedem
1386 2672 1593 2723 Serapidis,

0 2721 3 2729 ’
46 2724 181 2766 divino
192 2725 401 2763 ministerio
414 2727 632 2777 Principem
647 2726 671 2763 a
690 2726 785 2764 Deis
856 2727 1033 2765 submotis
1051 2727 1228 2771 omnibns,
1257 2728 1357 2764 solus
1380 2725 1562 2764 intrasset
1577 2743 1591 2766 .-

38 2776 297 2816 dannatum.
355 2783 358 2785 ’
857 2793 902 2817 ac
916 2780 1126 2831 propitiato
1145 2779 1300 2818 multum
1320 2780 1418 2826 Deo,
1443 2781 1595 2819 tandem

38 2825 42 2835 ¹
104 2827 120 2850 ³
167 2831 327 2870 Nullum
373 2833 563 2872 mendacio
604 2832 785 2883 pretium.
856 2846 896 2870 se
948 2834 1204 2880 convertisset,
1252 2835 1444 2879 verbenas,
1491 2846 1595 2872 coro-

0 2889 2 2891 ’
51 2884 169 2932 Quod
187 2885 278 2923 cum
304 2885 387 2925 haec
413 2888 596 2925 scriberet
618 2887 790 2934 racitus,
857 2900 1009 2937 masque,
1028 2894 1063 2925 et
1078 2886 1271 2938 ‘pangficith
1285 2893 1328 2925 ut
1347 2887 1426 2925 illic
1445 2888 1595 2935 assolet,

51 2938 218 2989 Trajano
242 2939 431 2991 Principe,
451 2941 583 2981 excisa
602 2948 683 2980 erat
703 2939 790 2978 Fla·
860 2940 1046 2981 Basilides
1063 2941 1220 2980 libertus
1245 2940 1420 2980 obtulisse
1440 2939 1475 2979 ἐἰ
1492 2940 1595 2987 risus
