1786 3204
41 157 82 200 s.
101 152 239 201 o..69.
409 147 806 192 msromARUM
835 115 1002 187 Lmen
1031 146 1254 188 PRIMUS.
1547 147 1596 184 15

42 257 281 313 hoximae
308 267 465 306 tamen
489 251 740 304 Germanis
761 250 1040 301 exercitibus
1074 250 1337 303 Galliarum
1357 248 1597 309 civitates:
1665 311 1667 314 .

40 351 142 390 uon
158 337 332 386 eodem
353 334 533 383 honore
555 330 743 389 habitae,
765 329 983 396 quaedam
1005 327 1142 378 etiam
1164 328 1335 378 finibus
1364 328 1597 387 ademtis‚⁸

43 415 146 482 pari
178 414 345 463 dolore
367 409 617 461 commoda
647 407 812 468 aliena,
837 423 892 457 ac
917 423 1022 460 suas
1054 406 1240 472 injurias
1272 406 1594 456 metiebantur.

41 490 271 545 Germani
293 489 540 548 exercitus,
563 487 692 553 quod
713 484 1152 551 periculosissimum
1173 484 1224 533 in
1244 484 1379 534 tantis
1400 484 1593 543 viribus,

36 568 220 620 solliciti
237 580 284 619 et
297 568 400 631 irati
415 564 631 632 superbia
646 563 842 614 recentis
864 561 1102 621 victoriae,³
1127 574 1174 612 et
1190 574 1337 623 metu,
1354 573 1591 627 tamquam

38 647 152 698 alias
173 650 357 713 partes⁴
377 644 612 694 fovissent.
682 641 840 691 Tarde
871 641 901 690 Ξ,
929 642 1123 691 Nerone
1153 640 1470 690 desciverant:
1505 651 1592 689 nec

39 725 195 775 statim
217 741 305 790 pro
328 722 484 774 Galba
508 721 778 789 Verginius:
803 736 864 769 an
879 721 1108 785 imperare
1128 718 1348 768 voluisset
1369 716 1591 767 dubium:

38 803 249 852 delatum
293 801 335 850 ei
379 801 409 850 a
451 801 595 850 milite
638 798 886 865 imperium
902 801 915 828 ⁵
955 797 1278 848 conveniebat.
1344 793 1594 844 Fonteium

38 879 317 944 Capitonem
350 879 574 939 occisum,
608 878 744 927 etiam
767 876 848 943 qui
879 876 1011 942 queri
1043 891 1141 924 non
1167 884 1397 940 poterant,
1433 883 1591 920 tamen

0 991 3 1015 ‚
35 957 409 1023 indignabantur.
476 957 596 1005 Dux
629 956 805 1015 deerat,
829 955 1031 1003 abducto
1064 952 1286 1019 Verginio
1303 947 1321 974 ⁶
1342 967 1428 1015 per
1450 949 1591 998 simu-

0 1018 3 1094 Ι
34 1033 257 1084 lationem
294 1033 532 1084 amicitiae:
576 1049 719 1099 quem
752 1048 849 1081 non
882 1031 1073 1090 remitti,
1107 1042 1244 1096 atque
1285 1028 1422 1078 etiam
1453 1042 1590 1076 reum

0 1102 1 1163 ἕ
36 1111 165 1174 esse,
178 1124 416 1179 tamquam
437 1128 576 1161 suum
598 1110 775 1161 crimen
791 1110 1086 1174 accipiebant.

103 1272 152 1316 9.
187 1269 458 1318 Sumssuon
482 1265 712 1316 exercitus
732 1264 962 1331 legatum,
978 1261 1307 1313 Hordeonium
1328 1261 1587 1319 Flaccum‚⁷

33 1346 297 1411 spernebat,
336 1344 520 1395 senecta
557 1362 611 1394 ac
651 1344 882 1394 debilitate
926 1344 1102 1409 pedum
1115 1339 1131 1363 Β
1173 1340 1446 1398 invalidum,
1489 1338 1589 1393 sine

34 1422 311 1483 constantia,
357 1423 455 1472 sine
498 1423 796 1472 auctoritate:
856 1439 916 1472 ne
970 1421 1128 1487 quieto
1174 1419 1364 1485 quidem
1423 1415 1588 1474 milite,

33 1500 274 1567 regimen3
309 1501 429 1550 adeo
464 1500 672 1551 furentes
700 1499 965 1550 infirmitate
997 1497 1234 1548 retinentis
1268 1495 1392 1544 ultro
1426 1508 1587 1543 accen-

34 1578 279 1627 debantur.
327 1577 561 1628 Inferioris
585 1579 853 1629 Germaniae
876 1567 1082 1645 legiones
1104 1576 1279 1644 diutins
1301 1574 1399 1622 sine
1420 1587 1587 1621 consu-

34 1654 152 1703 lari⁹
194 1654 357 1705 fuere:
407 1658 575 1717 donec,
614 1657 760 1706 'missu
802 1658 989 1715 Galbae,
1029 1659 1092 1704 A.
1124 1652 1336 1701 Vitellius
1371 1651 1586 1707 aderat,¹⁰

37 1733 244 1794 censoris
267 1733 455 1804 Vitellii,
478 1752 531 1784 ac
556 1746 628 1784 ter
659 1735 879 1802 consulis,
902 1734 1038 1783 filius.
1091 1732 1146 1781 Id
1169 1731 1274 1780 satis
1295 1727 1587 1779 videbatur.¹¹

898 1910 915 1934 ⁸
956 1911 1167 1953 Debilitate
1194 1909 1342 1960 pedum.
1385 1908 1584 1948 Acerrime}

843 1965 1015 2019 podogrd
1042 1965 1259 2008 invalidum,
1283 1964 1348 2002 ὑπὶ
1367 1961 1501 2002 συντόικ
1518 1979 1583 2000 πο-

843 2019 975 2074 δάγςσις
1010 2016 1169 2057 ἀδύνατοι
1210 2014 1291 2055 ’ὄντα
1338 2017 1388 2066 τᾷ
1431 2014 1580 2067 σάματι,

847 2075 1046 2115 Plutarch.
1066 2074 1106 2112 in
1125 2071 1267 2117 Galba,
1286 2085 1324 2122 p.
1346 2067 1462 2108 1061.

894 2129 912 2151 ⁹
933 2128 1023 2167 Sine
1038 2126 1240 2165 consulari.
1261 2124 1465 2163 Interfecto
1482 2124 1512 2164 F
1513 2136 1582 2161 on-

842 2184 916 2222 teio
936 2183 1137 2234 Capitone.

87 1907 103 1930 ⁸
133 1911 349 1951 Galliarum
366 1913 553 1952 civitates.
582 1913 768 1966 Lingones

31 1977 181 2016 nempe,
216 1966 340 2012 Remi,
373 1973 412 2004 et
453 1968 589 2019 populi
635 1970 770 2008 Rheno

23 2018 213 2070 proximi,
238 2027 283 2058 ut
309 2020 458 2060 dictum
477 2029 533 2059 est
559 2023 599 2060 in
628 2023 770 2075 Suppl.

36 2072 180 2112 Annal.
201 2086 294 2112 xvr.
313 2076 380 2117 78.

85 2122 103 2141 ²
132 2125 285 2166 Finibus
317 2127 486 2167 ademtis.
518 2130 631 2168 Parte
660 2144 768 2182 agro-

30 2192 117 2230 rum
147 2180 314 2228 ademta,
346 2189 385 2221 et
418 2183 503 2222 aliis
531 2184 767 2225 contributa.

30 2232 132 2273 Vide
148 2234 248 2287 infra
263 2248 350 2286 cap.
371 2241 435 2275 53,
894 2234 928 2255 ¹⁰
945 2237 996 2276 A.
1034 2233 1209 2274 Vitellius
1244 2232 1394 2271 aderat.
1447 2230 1578 2271 Aulus

83 2283 97 2305 ³
126 2286 303 2328 Recenti-5
347 2290 531 2330 victoriae.
577 2292 766 2344 Superato
839 2290 1034 2338 Vitellius,
1069 2287 1202 2341 postea¹
1239 2286 1445 2337 PrincePS2'
1477 2285 1579 2323 filius

28 2340 208 2381 Vindice,
236 2342 336 2382 Vide
355 2343 650 2396 SuppLAnnaJ,
670 2361 764 2386 xv1,
837 2345 1001 2390 Vitellii,
1030 2342 1194 2382 censoris
1227 2353 1272 2379 ac
1305 2346 1362 2378 ter
1395 2337 1579 2385 consulis,

29 2397 97 2439 78.
838 2400 885 2437 de
919 2412 998 2451 quo
1037 2410 1135 2448 saepe
1171 2408 1287 2445 supra
1330 2394 1495 2440 dictum,
1530 2406 1578 2446 ac

79 2446 99 2469 ⁴
126 2450 237 2488 Alias
249 2455 392 2500 partes.
421 2452 586 2490 Neronis
604 2461 742 2505 partes,
836 2452 1007 2492 maxime
1035 2451 1142 2489 libris
1162 2448 1388 2494 Annalium,
1419 2459 1482 2486 xx.
1506 2459 1576 2486 XII

78 2501 149 2541 sA
159 2504 492 2555 militeimperium.
508 2507 611 2549 Vide
623 2508 762 2561 Suppl.
835 2513 874 2544 ct
907 2518 996 2544 xtv.
1033 2505 1135 2543 Vide
1168 2509 1246 2541 not.
1277 2509 1317 2539 et
1346 2502 1494 2539 emend·
1526 2501 1575 2538 ad

26 2557 170 2603 Annal.
188 2570 278 2596 xvi.
296 2562 362 2602 79.

76 2606 95 2628 ⁶
122 2611 297 2650 Abducta
319 2611 511 2664 Verginio.
557 2614 639 2660 Qui
665 2615 761 2653 Gal-

24 2664 96 2710 bae,
113 2677 162 2703 ex
182 2663 368 2715 Hispania}¹
392 2668 603 2715 revertenti,
621 2681 760 2707 occur-

22 2717 87 2763 rit,
122 2725 161 2757 et
195 2719 433 2757 illiberaliter
470 2730 655 2772 exceptus
688 2730 757 2770 est,

22 2777 222 2822 tamquam
242 2786 340 2811 rcus.
378 2773 476 2811 Vide
497 2775 634 2826 Suppl.
652 2778 756 2815 Ann.

22 2837 112 2862 xvi.
127 2829 193 2870 94.

75 2875 92 2898 ⁷
125 2879 385 2918 Hordeonium
418 2881 607 2920 Flaccum.
646 2882 676 2922 F
679 2882 756 2922 lac-

5 2943 90 2972 ·cus
110 2932 291 2985 Verginio
307 2942 553 2975 successerat.

836 2561 937 2598 Hist.
959 2571 988 2597 1.
1006 2563 1045 2604 9.
1067 2558 1133 2596 ubi
1152 2563 1386 2609 proponetur
1403 2554 1575 2594 Stemma

835 2613 1098 2652 Vitelliorum.

891 2666 920 2683 ¹¹
953 2667 1005 2705 Id
1019 2666 1112 2704 sati-s
1130 2664 1340 2703 videbatur.
1371 2662 1433 2700 Ne
1448 2675 1576 2701 emen·

836 2721 912 2765 des,
931 2729 976 2758 ut
993 2717 1123 2757 multis
1143 2718 1307 2770 placuit,
1331 2716 1491 2768 idfatis
1521 2716 1578 2754 vi-

834 2775 1004 2818 debatur,
1025 2772 1132 2823 quasi
1152 2774 1202 2810 A.
1218 2770 1436 2816 Vitellium,
1454 2770 1575 2821 impe-

833 2827 889 2865 rio
935 2828 1180 2871 destinatum,
1213 2823 1573 2875 praemonstrassent.

836 2881 993 2931 Egregie
1013 2881 1176 2925 dictum,
1194 2878 1235 2916 id
1247 2877 1341 2917 satis
1361 2877 1571 2916 videbatur.
1599 2921 1601 2923 ,

836 2934 985 2986 Nempe
996 2934 1043 2972 ad
1055 2934 1299 2973 securitatem
1309 2945 1419 2970 suam
1432 2930 1570 2970 Galbae
