2210 3978
249 158 350 211 682
766 159 972 210 NOTAE
1011 160 1098 208 ET
1133 160 1708 216 EMENDATIONES.

324 287 707 358 Hierosolymis
752 289 994 358 (Joseph.
1040 296 1075 321 “
1096 290 1234 343 Bell.
1259 291 1294 345 J
1302 291 1420 344 ud.''
1463 310 1546 345 lv,
1574 299 1625 346 5.
1663 311 1715 346 n.
1747 297 1817 361 1.)
1854 293 1920 345 ab
1946 288 2187 357 Idumaeis

248 383 510 436 caeduntur
535 393 656 435 octo
691 382 851 436 millia
875 393 926 434 et
962 383 1241 455 quingenti,
1281 384 1674 457 ὀκτακισχιλίους
1716 385 1796 438 καὶ
1835 384 2185 454 πεντακοσίους,

249 518 251 520 .
253 509 1922 531 .....................................................................
2005 486 2185 546 s,500.

321 569 526 622 Ibidem
570 570 809 639 (Joseph.
846 570 970 622 ibid.
1009 591 1059 622 n.
1086 577 1164 639 3.)
1214 591 1345 625 caesa
1397 572 1650 624 nobilium
1692 572 1965 626 duodecim
2007 569 2186 640 millia,

248 663 402 737 μῦςιοι
431 665 509 732 καὶ
529 662 757 734 δισχίλιοι
779 669 876 716 τῶν
900 666 1092 734 εὐγενῶν
1137 698 1927 718 .................................
1975 652 2184 732 12‚00'0.

242 800 250 804 -
322 739 525 810 Ibidem
570 758 733 808 caedes
768 756 1000 825 plurimae
1029 754 1060 807 ’ὲ
1087 756 1281 810 Zelotis
1306 758 1472 812 editae.
1548 759 1767 830 Joseph.
1806 765 1840 790 “
1867 756 2188 818 Bell.·Jud.'‚’

254 869 335 905 lv.
361 853 413 904 6.
451 871 502 902 n.
535 859 554 901 l
587 860 638 901 et
664 857 715 903 3.
2164 907 2172 916 ¹

324 943 388 996 In
414 942 626 996 castello
656 942 900 1006 Masada,
927 939 1307 1011 Hierosolymis
1330 943 1517 1010 vicino,
1542 945 1600 1012 (J
1605 944 1783 1014 oseph.
1816 949 1850 976 “
1869 944 2004 998 Bell.
2027 944 2066 1000 J
2071 943 2189 999 ud.”

243 1055 339 1091 -1v.
375 1044 426 1095 7.
468 1057 518 1088 n.
545 1043 624 1105 2.)
665 1033 695 1086 εὶ
741 1035 948 1088 Sicariis
993 1036 1109 1088 caesi
1140 1036 1310 1089 Judaei
1361 1033 1665 1107 septingenti
1704 1049 1755 1090 et
1794 1037 2034 1108 amplius,
2072 1040 2186 1112 ὑπὲρ

252 1129 558 1192 ἑπτακοσίους
619 1163 1800 1183 .................................................
1809 1106 1824 1182 i
1832 1166 1991 1184 .......
2028 1177 2035 1182 .
2059 1138 2192 1192 700.

327 1226 416 1278 Ab
453 1216 632 1276 iisdem
675 1223 881 1275 Sicariis
921 1243 1014 1293 per
1054 1234 1213 1276 totam
1250 1223 1287 1278 J
1294 1225 1490 1277 udaeam
1530 1226 1694 1278 caedes
1727 1225 1892 1280 editae.
1962 1224 2187 1296 Joseph.

249 1318 377 1370 ibid.
2193 1301 2197 1306 ’

329 1410 706 1464 Gadarensium
732 1409 973 1480 (Joseph.
997 1409 1122 1462 ibid.
1160 1430 1212 1464 n.
1242 1415 1316 1478 4.)
1354 1408 1384 1462 εὶ
1422 1411 1679 1465 >Romanis
1723 1429 1855 1463 caesa
1894 1409 2188 1481 quindecim

244 1502 435 1568 immin,
472 1503 624 1577 μύριοι
649 1501 1032 1574 πεντακισχίλιοι
1102 1538 1891 1558 .................................
1975 1512 2189 1570 15,000.

328 1598 524 1650 Infiniti
562 1596 664 1663 alii,
715 1597 884 1660 πλῆθος
926 1594 1130 1669 ἄπειρον,
1184 1598 1235 1649 in
1277 1598 1560 1652 Jordanem
1605 1598 1892 1668 praecipites
1937 1596 2190 1659 desiliere.

251 1691 495 1756 Vastitas‚
522 1703 574 1743 et
597 1689 878 1742 inteinecio
903 1709 933 1740 a
961 1690 1181 1743 Gadaris
1207 1710 1408 1761 usque
1395 1691 1458 1743 ad
1483 1691 1654 1743 lacum
1681 1690 2031 1761 Asphaltitin
2018 1711 2030 1724 ·
2052 1689 2188 1760 plu-

252 1783 368 1837 rimi
394 1802 602 1854 quoque
627 1783 676 1834 in
701 1782 813 1851 ipso
839 1781 956 1834 lacu
981 1782 1115 1836 caesi.
1189 1784 1224 1837 J
1231 1784 1410 1853 oseph
1433 1783 1557 1836 ibid.

324 1876 386 1929 In
411 1876 534 1929 vicis
563 1876 823 1939 ldumaeae,
864 1875 1043 1927 Betaxi
1066 1887 1118 1928 et
1139 1876 1496 1946 Cephartoba‚
1534 1878 1591 1944 (J
1597 1877 1776 1947 oseph
1801 1884 1838 1908 “
1864 1875 1998 1929 Bell.
2022 1876 2058 1931 J
2064 1878 2162 1932 ud
2154 1875 2185 1899 ''

250 1987 335 2024 lv.
362 1978 411 2024 8.
439 1990 489 2021 n.
522 1977 591 2038 1.)
629 1989 761 2021 caesa
780 1970 958 2020 decem
986 1969 1163 2034 millia,
1202 1971 1284 2022 ὑπε
1265 1993 1314 2042 ες
1338 1969 1527 2043 μυρίους
1577 1992 1918 2016 ..........
1970 1977 2053 2034 10,
2056 1952 2183 2030 000.
2194 1943 2199 1963 .

316 2063 428 2116 Alii
452 2062 547 2114 vici
573 2060 781 2132 plurimi
806 2061 965 2113 eversi
992 2073 1042 2114 et
1066 2061 1275 2115 incensi.
1350 2064 1385 2116 J
1393 2064 1571 2133 oseph
1600 2064 1738 2115 ibid.
2063 2101 2068 2117 ,
2150 2106 2156 2110 ..

320 2155 532 2208 Gerasis
557 2155 799 2224 (Joseph
827 2157 857 2185 ιι
883 2154 1018 2208 Bell.
1047 2156 1207 2209 Jud.'’
1251 2174 1330 2207 ιι.
1366 2164 1419 2247 9.
1462 2176 1512 2208 n.
1548 2163 1614 2226 1.)
1649 2105 2210 2236 caesijuvenffflmille,'

240 2249 458 2322 χιλίους
471 2254 562 2301 τῶν
588 2246 693 2300 νέω]
745 2276 1975 2299 ...................................
1971 2253 2190 2314 hooc)

315 2342 518 2395 Ibidem
545 2341 663 2394 loca
689 2341 911 2410 plurima
935 2341 1155 2394 flammis
1182 2353 1234 2394 et
1261 2342 1484 2394 caedibus
1510 2344 1720 2395 foedata.
1794 2342 1830 2395 J
1835 2343 2013 2412 oseph
2055 2342 2180 2401 ibid.

279 2435 504 2488 Praelia
544 2433 722 2500 multa,
779 2434 966 2504 quibus
1023 2454 1076 2487 se
1125 2434 1224 2505 ipsi
1268 2445 1321 2487 et
1365 2434 1626 2488 Idumaeos
1670 2426 2178 2495 0011ficiunt,;.1udaei.

239 2529 461 2599 Joseph.
488 2527 611 2580 ibid.
650 2548 699 2579 n.
725 2536 757 2581 5
784 2536 891 2579 et
867 2551 910 2586 l·
2143 2585 2149 2589 -

311 2621 634 2692 Toparchias
662 2621 1035 2691 Gopbniticam
1071 2632 1123 2674 et
1147 2621 1515 2685 Arabatenam,
1554 2620 1773 2691 indeque
1813 2620 2179 2690 Hierosolyma

226 2735 399 2787 nsque
437 2715 555 2768 loca
597 2714 769 2767 omnia
813 2714 1081 2767 occidione
1125 2715 1474 2785 depopulatur
1518 2714 1892 2785 Vespasianus.
1931 2714 2176 2785 Joseph.

200 2879 204 2885 s
236 2808 361 2862 ibid.
401 2829 450 2862 n.
477 2816 529 2869 9.

311 2903 516 2956 Pariter
558 2900 785 2954 Cerealis
827 2899 1111 2953 Idumaeam
1157 2901 1473 2970 superiorem
1519 2910 1699 2965 vastat,
1754 2910 1805 2952 et
1844 2899 2174 2953 Chebronem

237 2998 439 3058 urbem,
471 2995 612 3045 *haud
656 2988 845 3064 procul
886 2993 1283 3062 Hierosolymis,
1329 2992 1565 3046 incendio
1608 3004 1659 3044 et
1699 2992 1983 3052 incolarum
2024 2993 2178 3052 intet-

136 3130 152 3142 .
236 3087 450 3141 necione
475 3086 627 3138 delet.
665 3086 882 3154 Joseph.
909 3086 1032 3137 ibid.

311 3178 693 3247 Hierosolymis
741 3178 932 3245 Judaei,
990 3180 1302 3232 factionibus
1346 3178 1578 3250 odiisque
1618 3178 1832 3244 efferati,
1866 3178 1943 3232 'in
1982 3198 2036 3235 se
2067 3177 2173 3248 ipsi

237 3273 466 3326 saeviunt.
543 3271 746 3334 Praelia,
772 3274 937 3323 caedes
963 3272 1226 3342 plurimae‘:
1266 3271 1519 3341 templum
1546 3291 1751 3342 quoque
1769 3290 1950 3324 cruore
1975 3289 2174 3340 resper-

219 3386 372 3418 sum.
447 3365 665 3434 Joseph.
701 3371 736 3394 “
764 3364 901 3416 Bell.
926 3365 1088 3418 Jud.''
1118 3384 1197 3417 iv.
1239 3373 1291 3425 9.
1338 3386 1388 3416 n.
1417 3373 1498 3417 10.
1525 3374 1576 3415 et
1603 3382 1658 3415 v.
1706 3372 1723 3415 l
1757 3374 1809 3415 et
1835 3371 1911 3416 3.

312 3457 803 3526 Hierosolymorum
843 3458 1071 3512 obsidio:
1112 3461 1294 3526 fames,
1331 3457 1504 3528 pestis,
1543 3465 1683 3510 tanta
1723 3457 1932 3520 demum
1954 3454 2171 3513 necessi·
2202 3457 2205 3459 ’
