1760 3210
57 206 96 247 J.
116 206 163 245 e.
191 207 258 249 70.
393 189 782 241 ffls’rOmARUM
811 197 974 238 met
996 197 1275 245 omarus.
1515 202 1601 243 325

53 321 244 377 pontem
264 308 414 358 Navae
435 303 664 355 fluminis¹
686 302 962 367 abruperat·
996 302 1119 352 sed
1104 319 1293 354 mem-su
1316 303 1599 369 cohortium,

54 404 169 454 quas
190 385 408 436 Sextilius
429 384 646 442 ducebat,
678 392 725 430 et
745 391 930 445 reperto
951 380 1089 441 vado,
1122 381 1332 446 'proditus
1357 380 1599 472 fususque.

54 463 126 516 Ea
165 463 296 512 clade
333 459 532 528 perculsi
563 457 789 518 Treveri3
825 467 872 505 et
903 457 1079 522 plebes,
1112 457 1289 508 omissis
1325 460 1482 521 armis,
1515 460 1603 529 per

47 557 186 608 agros
207 539 408 627 palatur-z
443 538 632 604 quidam
653 534 931 603 principum,
957 546 1010 584 ut
1020 533 1168 601 primi
1189 536 1394 602 posuisse
1414 537 1595 590 bellum

52 618 336 676 viderentur,
381 616 430 664 in
474 614 692 675 civitates,
738 628 845 679 quae
889 612 1154 662 societatem
1195 611 1459 665 Romanam
1502 631 1606 666 non

55 705 297 754 exuerant,
331 691 651 759 perfugerunt.
719 687 949 757 Leffiones
977 688 1007 739 a
1027 687 1235 740 Novesio
1257 690 1520 759 Bonnaque
1551 693 1602 744 ih

53 775 303 831 Treveros,
336 782 388 819 ut
425 785 566 835 supra
602 766 997 827 memoravimus‚²
1033 766 1277 829 traductae,
1309 785 1360 818 se
1397 768 1517 834 ipsas
1551 771 1602 821 in

57 852 198 900 verba
219 848 483 914 Vespasiani
515 847 721 914 adigunt.
788 845 908 906 Haec
932 843 1178 895 Valentino
1205 845 1410 907 absente,
1442 856 1571 914 gesta
1585 866 1600 897 ε

53 928 155 994 qui,
189 926 270 976 ubi
305 926 595 984 adventabat,
627 921 806 991 furens,
838 934 1104 988 cunctaque
1126 937 1288 972 rursus
1308 923 1357 972 in
1377 925 1536 974 turbas
1557 937 1605 976 et

59 1003 252 1054 exitium
289 1018 616 1062 conversurus,
650 1000 855 1067 legiones
891 999 942 1048 in
976 999 1386 1062 Mediomatricos,³
1431 1002 1610 1070 sociam*

57 1082 303 1141 civitatem,
335 1083 610 1130 abscessere.
678 1074 950 1126 Valentinus
987 1092 1043 1126 ac
1064 1076 1219 1127 Tutor
1255 1077 1304 1127 in
1337 1093 1467 1128 arma
1488 1079 1605 1129 Tre-

58 1175 195 1209 veros
215 1159 485 1208 retrahunt:
520 1156 680 1208 occisis
700 1156 940 1206 Herennio
960 1171 1014 1205 ac
1037 1155 1253 1206 Numisio
1275 1155 1474 1224 legatis‚⁴
1504 1156 1604 1225 quo

57 1236 238 1288 minore
260 1254 340 1302 spe
361 1235 508 1286 veniae
529 1244 756 1287 cresceret
776 1233 1017 1284 vinculum
1039 1233 1238 1284 sceleris.

128 1397 208 1443 71.
244 1392 347 1439 H1c
378 1389 488 1438 belli
522 1401 666 1439 status
695 1399 811 1449 erat,
843 1405 959 1438 cum
979 1386 1167 1437 Petilius
1191 1387 1382 1439 Cerialis
1405 1390 1606 1478 Mogon-

61 1467 231 1516 tiacum
252 1467 406 1516 venit:
442 1468 541 1533 ejus
578 1468 778 1516 adventu
812 1477 977 1515 erectae
999 1482 1131 1531 spes.
1197 1466 1299 1530 Ipse
1322 1481 1494 1533 pugnae
1514 1467 1605 1516 avi-

60 1547 166 1605 dus,
222 1544 268 1593 et
311 1543 678 1602 contemnendis,
727 1559 871 1608 quam
915 1542 1128 1592 cavendis
1171 1543 1380 1592 hostibus
1423 1542 1606 1606 melior,

54 1621 234 1675 ferocia
255 1622 508 1670 verborum
530 1620 723 1669 militem
744 1620 1040 1680 incendebat;
1077 1619 1158 1669 ubi
1179 1620 1390 1686 primum
1412 1628 1608 1691 congre}

59 1700 108 1748 di
142 1699 357 1759 licuisset,
390 1699 567 1749 nullam
590 1697 752 1763 praelio
775 1714 956 1747 moram
977 1696 1199 1747 facturus.
1258 1697 1489 1748 '‘Delectus
1521 1714 1608 1772 per

63 1776 268 1827 Galliam
311 1776 507 1836 habitos,
546 1775 595 1824 in
639 1775 841 1824 civitates
879 1774 1086 1835 remittit,
1125 1791 1178 1824 ac
1221 1775 1433 1825 nuntiare
1470 1776 1615 1844 jubet*

64 1857 96 1880 “
126 1854 336 1903 sufficere
363 1853 558 1919 imperio
579 1854 813 1920 legionest
848 1853 959 1903 socii
979 1853 1039 1902 ad
1061 1852 1218 1902 munia
1239 1852 1362 1918 pacis
1382 1853 1613 1914 redirent,

66 1932 94 1958 “
126 1931 295 1991 securi,
321 1932 448 1980 velut
469 1930 682 1981 confecto
703 1931 848 1992 bello,
882 1931 1010 1997 quod
1034 1931 1263 1980 Romanae
1284 1947 1449 1981 manus
1471 1947 1609 1981 exce·

65 2008 96 2036 ⁸‘
130 2008 352 2074 pissent.’'
433 2007 585 2058 Auxit
628 2025 684 2057 ea
726 2025 802 2057 res
847 2008 1098 2057 Gallorum
1141 2008 1446 2074 obsequium:
1496 2023 1610 2059 nam

61 2085 247 2150 recepta
260 2087 523 2151 juventute,
555 2084 739 2135 facilius
760 2086 931 2135 tributa
950 2086 1239 2146 toleravere,⁵
1271 2085 1515 2151 proniores
1545 2085 1608 2133 ad

60 2161 226 2222 officia,
260 2163 391 2228 quod
432 2165 782 2229 spernebantur.
850 2168 920 2214 At
965 2163 1124 2214 Civilis
1160 2175 1208 2212 et
1242 2163 1491 2223 Classicus,
1524 2159 1609 2211 ubi

64 2245 96 2266 “
129 2239 316 2304 pulsum
370 2243 617 2301 Tutorem,
673 2258 818 2292 caesos
872 2243 1123 2302 Treveros,
1177 2252 1345 2290 cuncta
1398 2239 1608 2289 hostibus

0 2379 2 2381 ‚
65 2321 95 2343 “
131 2333 350 2382 prospera
371 2334 619 2383 accepere:
643 2321 810 2386 trepidi
831 2337 884 2369 ac
907 2330 1223 2385 properantes,
1246 2320 1360 2367 dum
1383 2317 1609 2381 dispersas

65 2398 96 2422 “
128 2410 322 2443 suorum
350 2395 503 2460 copias
525 2396 811 2457 conducunt,
846 2397 1020 2446 crebris
1041 2396 1224 2445 interim
1245 2395 1415 2445 nuntiis
1437 2394 1606 2443 Valen-

63 2570 214 2610 dextra.
270 2571 386 2617 Quod
422 2573 526 2611 recte
560 2575 794 2614 animadven
922 2573 1263 2614 ²Memoravimus.
1292 2574 1420 2625 Supra
1436 2585 1524 2623 cap.
1535 2569 1602 2614 62

64 2625 144 2664 tere
158 2624 332 2663 eruditus
351 2624 535 2666 Preherus
548 2635 586 2666 et
598 2628 639 2665 P.
653 2629 795 2667 Waste-
922 2624 938 2648 ³
985 2628 1305 2668 Medimnatricos.
1364 2629 1413 2665 N
1420 2640 1496 2665 unc
1540 2627 1605 2665 the

64 2678 157 2726 lain,
184 2677 427 2729 Des‘cription
447 2680 492 2719 de
510 2681 549 2720 Ia
568 2681 690 2721 Gaule
710 2683 797 2722 Bel·
869 2682 1028 2723 dioceses
1046 2682 1094 2733 of
1103 2681 1211 2720 Metz
1227 2682 1303 2724 (md
1320 2681 1369 2734 of
1383 2680 1550 2719 Verdun.

62 2733 188 2784 gique,
215 2743 255 2782 p.
276 2737 354 2772 114
370 2739 410 2770 et
426 2746 503 2784 seq.
921 2734 942 2758 ⁴
982 2734 1152 2787 Legati&
1207 2735 1268 2773 De
1309 2736 1451 2786 quibus
1486 2746 1605 2786 supra

118 2836 278 2877 ‘Navoe
288 2839 477 2890 fluminis.
531 2841 655 2887 Nava,
683 2841 797 2880 hodie
870 2802 957 2866 ω’
970 2793 1130 2882 {gabuta
1166 2843 1385 2882 toleravere.
1447 2842 1509 2880 De
1543 2840 1605 2880 his

67 2890 194 2931 Nate.
247 2892 407 2934 Flumen
430 2893 529 2933 illud
543 2895 593 2937 ad
609 2896 797 2947 oppidum
871 2908 986 2948 supra
1003 2908 1089 2947 cap.
1108 2893 1173 2935 26.

68 2943 243 2995 Bingen
232 2957 274 2984 m
290 2946 469 2985 Rhenum
487 2947 625 2988 influit.
