2210 3978
228 167 330 218 614
744 165 952 214 NOTAE
990 163 1075 211 ET
1111 163 1309 211 EMEN
1321 143 1669 215 DATIONES

234 299 368 350 foret
401 293 780 366 manipretium,
819 292 942 345 nihil
983 312 1094 345 esse
1135 292 1348 345 nimium
1393 294 1445 346 in
1485 294 1716 365 pecuniae
1756 298 1979 365 summa,
2017 317 2171 371 quam

237 391 546 445 Plutarchus
571 386 867 456 adsignavit,
906 386 1057 438 facile
1083 386 1446 455 deprehendes.

312 484 504 554 Neque
531 481 644 552 quis
668 479 852 532 dixerit
877 498 1059 532 aurum
1085 498 1193 531 esse
1219 497 1411 549 sequax
1457 499 1515 532 ac
1561 480 1769 548 ductile,
1810 482 2180 556 Romanosque

239 588 401 631 artem
419 576 543 628 illud
570 574 811 627 dilatandi
835 573 1054 626 novisse.
1094 571 1159 624 Id
1177 573 1312 625 certe
1332 573 1556 626 Romani
1572 594 1776 640 novere,
1802 576 2053 647 siquidem
2073 578 2182 637 auri

242 670 444 723 unciam
465 668 521 721 in
547 668 873 739 septingenas
910 675 958 719 et
977 666 1386 738 qui1zqaagena3‚
1421 667 1655 736 pluresve
1682 668 1930 735 bractea-3,
1976 663 2186 742 quater-

244 763 367 817 mim
394 774 606 833 utroque
630 761 914 831 digitorum
938 758 1248 824 dividebant,
1270 770 1398 812 teste
1433 759 1625 824 Plinio,
1668 780 1908 816 XXXIII.
1936 770 1987 817 3.
2025 764 2104 817 At
2133 762 2186 818 in

247 854 523 926 praecipuis
551 856 965 924 perennlbusque
991 852 1251 922 operibus,
1291 853 1626 907 crassioribus
1651 858 1922 908 utebantur
1946 856 2187 913 bracteis.

253 950 340 1004 Sic
397 949 682 1001 inauratum
726 948 892 998 fuerat
940 945 1183 998 Fortunae
1235 945 1565 999 Praenestinae
1613 946 1960 1025 simulacrum.
2033 948 2188 1015 Unde

253 1043 472 1107 Plinius,
497 1041 599 1094 loc.
627 1040 714 1099 cit.
745 1037 1078 1091 Crassissimae
1106 1057 1166 1091 ex
1191 1038 1268 1091 his
1304 1039 1522 1092 bracteis
1551 1039 1887 1095 Praenestince
1919 1037 2191 1108 vocantur,

253 1136 534 1191 etiamnum
561 1134 828 1187 retinentis
854 1150 1054 1195 nomen,
1085 1130 1327 1190 Fortunce
1352 1132 1600 1186 inaurato
1626 1133 2015 1203 ibifidelissimc?
2037 1136 2194 1193 simu-

224 1273 230 1289 ,
256 1230 414 1284 lacrO.
491 1228 563 1280 Et
594 1228 730 1295 sane,
769 1226 809 1277 si
838 1224 1170 1279 Domitianus
1197 1224 1465 1286 crassiores
1492 1225 1602 1278 illas
1628 1229 1860 1285 bracteas
1884 1247 1988 1281 non
2011 1229 2194 1288 indux-

256 1324 395 1387 isset,
436 1340 716 1391 numquam
742 1319 1000 1372 eviluisset
1043 1319 1322 1371 secundum
1350 1318 1603 1389 templum
1634 1319 2008 1390 Capitolinum,
2045 1323 2195 1394 cujus

260 1427 311 1470 et
335 1415 519 1486 tegulae
547 1426 597 1467 et
620 1412 895 1484 laquearia,
935 1421 986 1465 et
1026 1410 1125 1463 alia
1151 1411 1531 1481 quamplurima
1555 1424 1852 1467 ornamenta
1888 1426 2032 1468 erant
2055 1414 2199 1471 inan,-

262 1522 386 1575 rata,
426 1510 632 1578 insuper
676 1509 741 1559 ab
773 1506 1032 1575 AugustO,
1071 1504 1582 1573 magnificentissimo
1623 1506 1889 1577 Principe,
1926 1510 2198 1563 refectum.

265 1602 532 1656 Eviluerat
558 1611 743 1665 tamen,
770 1618 864 1651 nec
892 1596 1098 1667 reperti,
1123 1597 1219 1649 nisi
1245 1617 1389 1650 senes
1414 1597 1628 1673 aliquot,
1655 1599 1743 1670 qui
1767 1599 1893 1654 illud
1917 1595 2201 1669 laudarent,

266 1716 370 1749 non
397 1697 465 1747 ob
491 1713 638 1763 opes,
677 1694 767 1745 sed
790 1691 868 1744 vel
898 1690 1210 1762 antiquitatis
1255 1691 1442 1756 studio,
1480 1690 1577 1757 vel,
1616 1703 1672 1745 ut
1714 1693 1917 1764 opinor,
1955 1698 2026 1748 ob
2068 1715 2204 1766 sym-,-

267 1789 504 1842 metriam
530 1775 913 1840 columnarum:
953 1804 1072 1837 nam
1101 1783 1451 1851 Domitianus,
1491 1786 1612 1838 cnm
1638 1786 1917 1842 crassitiem
1942 1772 2205 1850 columnate

270 1903 385 1936 rum
411 1879 680 1934 marmoris
708 1877 960 1932 Pentelici
984 1877 1339 1942 imminuisset,
1377 1878 1605 1932 nonnihil
1629 1881 1903 1934 venustatis
1927 1882 2208 1949 addiderat,

272 1978 364 2029 sed
402 1974 590 2045 aliquid
632 1971 938 2040 symmetriae
962 1972 1266 2036 detraxerat,
1305 1981 1433 2024 teste
1461 1971 1762 2038 PlutarchO,
1800 1973 1903 2028 loc·
1928 1975 2016 2038 cit.
2051 1975 2208 2036 Cete—

270 2070 386 2121 rum
411 2068 559 2120 vilius
586 2068 750 2118 fuerat
775 2066 1052 2117 secundum
1075 2063 1330 2134 templum
1357 2058 1730 2135 Capitolinum.
1777 2066 1905 2121 Inde
1931 2069 2209 2139 Martiali&

274 2160 597 2232 Epigramm.
626 2178 679 2212 v.
729 2167 810 2211 10.

551 2384 583 2406 “
608 2380 722 2426 Esse
748 2376 865 2440 quid
890 2375 983 2425 hoc
1007 2376 1177 2435 dicam,
1215 2377 1332 2425 vivis
1358 2377 1493 2442 quod
1519 2378 1649 2428 fama
1668 2387 1886 2446 negatur,

686 2489 750 2535 Et
773 2503 855 2534 sua
881 2487 1176 2551 quodi-arus
1199 2493 1419 2552 tempora
1443 2489 1598 2537 lector
1620 2492 1784 2540 amat?

618 2595 685 2644 Hi
709 2602 816 2643 sunt
838 2595 1029 2645 invidiae
1055 2596 1297 2655 nimirum,
1334 2598 1536 2661 Regule,
1573 2614 1750 2656 mores,

681 2703 915 2751 Praeferat
933 2704 1157 2768 antiquos
1180 2719 1365 2768 semper
1388 2710 1442 2754 ut
1465 2704 1547 2753 illa
1569 2703 1705 2752 novis
1724 2721 1737 2754 :

619 2812 697 2861 Sic
721 2819 928 2862 veterem
952 2814 1122 2879 ingrati
1145 2815 1361 2880 Pompeii
1383 2815 1642 2880 quaerimus
1665 2802 1903 2872 umbram,

690 2921 754 2968 Et
776 2920 975 2970 laudant
998 2923 1159 2971 Catuli
1182 2926 1210 2973 J
1217 2924 1313 2973 ulia
1338 2925 1519 2989 templa
1541 2925 1721 2973 senes.'’
1760 2948 1766 2951 «

294 3129 615 3195 DomitianO,
655 3130 743 3199 qui
768 3130 1041 3185 immensas
1067 3152 1194 3202 opes
1220 3132 1272 3185 in
1299 3132 1564 3204 Capitolio
1590 3132 1925 3204 impenderat,
1962 3133 2210 3207 ingeniosi

292 3222 526 3276 adulatur
550 3223 684 3275 idem
710 3211 898 3293 poeta,
924 3225 1249 3295 Epigramm.
1280 3243 1368 3278 lx.
1405 3234 1459 3281 4.
2166 3236 2167 3239 ’

562 3411 595 3433 “
632 3406 881 3462 Quantum
896 3403 1003 3467 jam
1027 3405 1223 3470 superis,
1260 3404 1439 3462 Caesar,
1477 3403 1693 3468 coeloque
1715 3403 1906 3466 dedisti,

697 3513 746 3564 Si
768 3519 968 3580 repetaS,
1004 3519 1054 3563 et
1076 3513 1113 3562 si
1136 3512 1345 3563 creditor
1364 3528 1464 3561 esse
1487 3510 1618 3561 velis.

2195 3592 2210 3641 ΜΒ
