1786 3204
50 173 90 214 J.
117 172 162 212 C.
190 169 258 216 69.
486 163 873 206 HISTORIARUM
904 164 1063 203 LIBER
1104 163 1327 206 PRIMUS.
1542 174 1596 207 45

49 274 238 333 fiebant,
274 283 400 321 tanto
429 269 564 335 plura
606 266 796 315 facere.v
877 269 980 316 Nec
1019 270 1347 332 aspernabatur
1387 269 1594 335 singulos

0 353 6 366 ¹
52 352 202 410 Otho,
224 350 410 399 avidum
441 360 488 396 et
512 347 739 394 minacem
762 345 959 393 militum
982 346 1206 405 animum,
1228 363 1343 395 voce
1365 349 1593 413 vultuque

1 433 6 436 ’
47 440 323 492 temperans.
414 425 620 473 Marium
659 423 869 481 Celsum,
910 423 1150 470 consulem
1185 424 1513 489 designatum,¹
1545 436 1592 473 et

0 504 1 508 ’
49 506 217 554 Galbae
241 521 388 569 usque
409 503 458 550 in
480 513 710 550 extremas
743 517 818 548 res
840 500 1042 548 amicum
1063 500 1321 564 fidumque,
1339 503 1397 549 ad
1420 503 1592 566 suppli-

46 582 172 631 cium
217 581 585 645 expostulabant,
622 576 859 625 industriae
899 578 996 642 ejus
1031 577 1415 641 innocentiaeque,
1460 580 1591 642 quasi

44 658 174 707 malis
213 658 403 716 artibus,
437 654 616 704 infensi.
710 654 865 703 Caedis
905 665 951 702 et
987 655 1253 718 praedarum
1287 655 1484 714 initium,
1542 668 1588 704 et

45 736 220 800 optimo
265 735 432 799 cuique
470 732 720 797 perniciem
767 732 913 796 quaeri
956 734 1223 796 apparebat:
1281 733 1363 779 sed
1409 733 1589 781 Othoni

45 813 257 860 nondum
282 810 525 860 auctoritas
570 809 715 856 inerat
750 811 808 856 ad
830 809 1173 872 prohibendum
1206 810 1389 869 scelus;
1421 811 1588 874 jubere

40 891 137 955 jam
175 900 367 954 poterat.
449 890 533 947 Ita,
562 886 849 935 simulatione
885 887 984 941 irae,
1021 892 1054 914 ‘⁶
1073 886 1248 934 vinciri'
1254 887 1499 951 'jussum,
1539 898 1586 935 et

47 971 82 994 “
104 968 300 1032 majores
338 981 498 1031 poenas
553 964 803 1011 daturum”
857 963 1123 1022 adfirmans,
1183 963 1398 1027 praesenti
1443 963 1587 1012 exitio

46 1043 286 1091 subtraxit.

113 1198 194 1245 43.
254 1198 446 1244 OMN1A
505 1195 669 1243 deinde
703 1195 890 1243 arbitrio
935 1196 1132 1244 militum
1171 1209 1284 1246 acta.
1373 1198 1584 1246 Praetorii

44 1273 288 1339 praefectos
323 1273 406 1321 sibi
443 1272 530 1336 ipsi
563 1272 752 1338 legere3
802 1273 1004 1321 Plotium
1043 1275 1270 1333 Firmum,
1310 1274 1337 1322 ὲ
1374 1275 1583 1339 manipu-

47 1351 237 1399 laribus
256 1350 509 1414 quondam,
550 1361 650 1397 tum
686 1350 898 1415 vigilibus
933 1348 1248 1415 praepos'itum,
1276 1363 1339 1410 et,
1360 1351 1583 1399 incolumi

46 1429 198 1476 adhuc
239 1427 411 1485 Galba,
451 1436 601 1491 partes
642 1427 843 1475 Othonis
865 1440 1089 1476 secutum.
1158 1428 1586 1494 Adjungitur'Lici-

43 1506 147 1553 nius
178 1504 423 1563 Proculus,
445 1503 605 1551 intima
639 1503 940 1552 familiaritate
967 1505 1187 1563 Othonis,
1209 1516 1448 1568 suspectus
1472 1521 1583 1552 con-

44 1582 141 1630 silia
179 1583 276 1645 ejus
327 1579 507 1628 fovisse.
601 1581 724 1628 Urbi
766 1580 975 1628 Flavium
1008 1581 1268 1629 -Sabinum2
1311 1580 1584 1645 praefecere,

0 1691 2 1693 >
40 1657 266 1724 judicium
306 1658 510 1705 Neronis
549 1658 709 1717 secuti,
749 1660 835 1707 sub
860 1676 954 1722 quo
977 1659 1187 1706 eamdem
1221 1675 1380 1706 curam
1403 1658 1586 1706 obtinu-

45 1746 158 1793 erat,
194 1733 424 1799 plerisque
459 1735 791 1797 Vespasianum
826 1733 1016 1782 fratrem
1049 1736 1097 1782 in
1126 1753 1182 1783 eo
1222 1735 1581 1798 respicientibus.

43 1811 336 1876 Flagitatum,
383 1816 415 1838 ‘⁶
435 1822 486 1858 ut
516 1811 807 1870 vacationes,³
832 1812 1036 1876 praestari
1059 1812 1402 1860 centurionibus
1418 1812 1582 1870 solitae,

842 2040 975 2078 quam,
995 2040 1123 2078 neque
1138 2038 1256 2077 genus
1282 2023 1450 2076 quaestfis
1471 2025 1579 2074 pensi

844 2081 1022 2119 habebat.
1079 2082 1149 2117 Per
1175 2079 1387 2123 latrocinia,
1406 2091 1472 2127 per
1494 2091 1579 2127 rap-

97 2130 115 2147 ²
160 2132 330 2170 Flavium
372 2132 562 2171 Sabinum.
609 2133 775 2170 Fratrem
844 2144 917 2180 tus,
953 2147 1019 2184 per
1037 2134 1185 2171 servilia
1213 2133 1430 2176 ministeria,
1450 2133 1581 2169 conni-

45 2185 285 2235 Vespasiani,
317 2187 515 2223 laudatum
537 2187 559 2223 32
593 2187 777 2224 Suetonio
809 2199 813 2212 ⁴
843 2189 1017 2225 ventibus
1066 2186 1363 2230 centurionibus,
1414 2185 1579 2222 militare

45 2239 85 2275 in
100 2239 257 2289 Vespas.
279 2251 308 2276 1.
328 2247 365 2276 et
383 2252 482 2289 saepe
517 2240 614 2277 infra
635 2253 777 2277 memo·
807 2216 813 2303 Ι
841 2241 963 2278 otium
985 2241 1232 2279 redimebant.
1287 2239 1387 2275 Tum
1407 2238 1580 2287 locuple-

99 2022 113 2041 ¹
145 2025 335 2063 Consulem
354 2026 599 2078 designatum.
627 2027 686 2064 De
702 2039 779 2077 quo

45 2080 161 2128 supra
191 2079 292 2117 llist.
313 2092 341 2117 1.
369 2085 427 2117 14.

46 2293 222 2329 randum.
842 2294 1008 2341 tissimus
1033 2295 1195 2344 quisque
1232 2292 1352 2334 miles,
1373 2293 1501 2328 labore
1529 2303 1576 2328 ac

101 2342 116 2363 ³
841 2348 986 2385 saevitia
1018 2348 1180 2397 fatigari,
1199 2347 1317 2382 donec
1337 2346 1574 2382 vacationem

841 2409 992 2438 emeret.
1040 2402 1113 2438 Ubi
1125 2408 1234 2436 emtae
1253 2399 1458 2435 vacationis
1476 2410 1578 2434 sum-

46 2452 162 2489 rarias
195 2453 408 2489 vacationes
439 2460 476 2489 et
495 2452 517 2489 a
549 2453 774 2503 gravissimis
843 2455 945 2491 tibus
980 2455 1202 2499 exhaustus,
1221 2461 1259 2489 et
1281 2452 1435 2502 insuper
1453 2463 1580 2489 socor-

46 2506 224 2542 oneribus
242 2506 513 2551 immunitates,
532 2506 672 2556 ingenti
692 2519 774 2556 pre·
843 2507 908 2544 dia
936 2508 1168 2558 elanguerat,
1206 2506 1354 2542 redibat
1390 2506 1428 2541 in
1458 2506 1578 2542 mani-

44 2559 100 2595 tio
126 2558 411 2596 centurionibus
423 2559 600 2596 exsoluto
618 2560 776 2596 redime·
843 2560 995 2611 pulum,
1009 2570 1046 2598 et
1060 2561 1107 2598 ad
1125 2559 1272 2597 militiae
1289 2571 1456 2603 munera,
1470 2559 1578 2608 inops

46 2613 138 2649 bant
157 2611 318 2657 milites3
357 2621 395 2649 et
426 2612 511 2649 ideo
528 2612 636 2662 quasi
656 2614 779 2650 tribu·
841 2626 909 2663 pro
924 2613 1132 2665 locuplete,
1150 2622 1189 2651 et
1202 2614 1298 2649 iners
1323 2625 1392 2662 pro
1409 2619 1577 2648 strenuo.

46 2672 131 2702 tum
159 2641 331 2702 annunti]
352 2666 512 2721 pendere
538 2667 778 2704 tenebantur.
848 2666 1027 2705 Vidimus
1053 2680 1170 2717 supra
1205 2666 1370 2703 militum
1405 2665 1578 2714 querelas

46 2717 163 2762 Quod
179 2718 269 2754 dum
284 2712 569 2756 centurionibus
581 2718 780 2765 solverent,
847 2721 897 2756 ob
934 2722 1176 2758 vacationum
1210 2719 1343 2770 pretia,
1375 2719 1515 2755 Annal.
1549 2730 1578 2755 1.

0 2815 2 2818 y
44 2778 181 2821 quarta
218 2783 305 2820 pars
348 2772 538 2822 cujusque
589 2749 780 2823 manipuli
854 2777 901 2815 17
922 2779 958 2810 et
981 2779 1046 2812 35.
1067 2774 1274 2811 infirmatas
1293 2784 1449 2822 quoque
1469 2771 1582 2808 fuisse

43 2825 292 2874 spargebatur
303 2837 374 2874 per
392 2834 643 2870 commeatus,
661 2826 782 2875 Angl.
849 2826 1014 2876 legiones
1038 2826 1262 2877 promiscuis
1290 2825 1458 2862 militum
1478 2836 1582 2862 com-

31 2877 257 2927 furlouglzs,
275 2884 344 2915 aut
358 2878 396 2914 in
417 2878 506 2928 ipsis
524 2878 656 2916 castris
673 2892 784 2928 vaga·
852 2883 1041 2919 meatibus
1063 2881 1214 2918 dictum
1232 2886 1298 2920 est,
1314 2880 1417 2916 Anu.
1430 2890 1503 2915 xv.
1521 2883 1583 2915 10.

47 2931 178 2967 batur:
212 2941 333 2980 neque
352 2931 507 2969 modum
530 2932 650 2970 oneris
683 2932 785 2982 quis·
812 2978 827 2984 -
1023 2934 1025 2936 ’
1143 2952 1145 2955 -

166 2345 222 2382 Ut
247 2344 468 2383 vacationes.
515 2346 606 2383 Non
643 2358 775 2396 perpe-

45 2405 130 2436 tuas
151 2397 308 2442 militiae,
327 2399 389 2435 sed
410 2411 610 2436 munerum
631 2407 776 2449 tempo—
