2210 3978
459 146 725 198 AD-LIB.
761 151 825 198 V.
863 151 1034 201 HIST.
1071 153 1131 203 C.
1166 152 1379 203 CORN.
1411 153 1661 203 TACITI.
1734 219 1737 222 ἢ
1904 153 2005 213 689

63 284 221 341 gogae
236 282 409 326 rector
431 274 562 328 solet
587 276 796 346 ingredi.
871 278 935 331 In
960 280 1061 333 hoc
1102 279 1289 334 Bethel
1335 301 1491 351 supra
1526 280 1769 334 tredecim
1796 300 2000 336 mensas

61 374 198 418 stant
230 357 470 426 tredecim
511 368 561 421 T
556 370 809 444 a-Kz‘ngS,
835 372 885 424 id
911 385 1005 437 est,
1049 375 1293 426 tredecim
1333 362 1477 443 legis,
1511 385 1599 426 aut
1640 374 1999 442 pentateuchi,

60 457 352 526 volumina;
377 460 593 531 singula,
619 463 742 517 velis
763 465 935 517 sericis
961 467 1184 518 obtecta.
1263 465 1561 520 Duodecim
1587 486 1649 520 ex
1675 468 1754 520 his
1781 463 1998 520 volumi-

59 550 210 603 nibus
234 555 463 606 referunt
487 555 760 608 duodecim
786 558 949 611 tribus
985 558 1164 611 lsrael.
1239 562 1298 612 In
1323 560 1496 613 medio
1530 571 1629 614 stat
1652 560 1995 615 tertiumdeci-

59 661 221 711 mum,
247 645 299 697 in
323 648 622 700 memoriam
642 650 996 720 honoremque
1026 650 1227 720 Moysis
1254 652 1498 726 positum.

134 735 267 790 Post
295 738 502 806 Bethel‚
529 739 581 792 in
606 741 718 810 ipsa
744 743 924 813 templi
956 744 1295 809 extremitate,
1330 745 1585 815 refulgent
1616 746 1804 800 tabulae
1831 747 1991 818 Legis

59 828 226 881 aureis
267 829 424 883 literis
466 832 726 887 Hebraice
764 835 1042 906 inscriptae.
1119 837 1202 888 Ex
1243 851 1463 908 utroque
1502 838 1661 891 latere
1698 838 1987 894 tabularum

58 933 177 976 sunt
216 924 461 978 armaria:
513 924 564 978 in
607 925 666 978 iis
714 927 895 982 inclusi
943 928 1081 994 libri,
1126 929 1313 998 quibus
1351 930 1504 999 vulgo
1551 941 1761 984 utuntur
1797 932 1986 986 Judaei.

56 1014 199 1068 Ante
223 1017 420 1087 singula
442 1018 657 1072 armaria
681 1031 759 1073 est
783 1033 973 1087 mensa,
999 1039 1153 1091 supra
1179 1041 1335 1092 quam
1355 1023 1581 1075 medium
1608 1034 1685 1075 est
1720 1023 1850 1076 inter
1880 1026 1984 1078 duo

54 1126 172 1160 vasa
194 1110 574 1163 candelabrum.
890 1161 894 1165 ,

59 1247 64 1254 ,
116 1201 256 1254 'Hoc
292 1214 369 1255 est
394 1202 663 1274 templum,
696 1203 746 1256 in
772 1206 911 1275 quod
936 1205 972 1261 J
979 1206 1107 1258 udaei
1146 1206 1370 1260 sabbatis
1395 1206 1607 1278 aliisque
1639 1207 1779 1260 festis
1803 1207 1983 1262 diebus

52 1295 377 1362 conveniunt,
406 1295 586 1352 Deum.
609 1298 886 1350 adoraturi.
943 1298 1008 1364 Ji
1045 1298 1204 1351 latera
1242 1299 1421 1369 templi
1447 1311 1721 1370 occupant.
1798 1301 1983 1375 Media

52 1386 188 1440 enim
213 1407 329 1458 pars
353 1388 385 1440 a
413 1388 673 1442 Cathedrz'l
710 1390 915 1459 Moysis
940 1410 1101 1462 usque
1126 1393 1192 1443 ad
1219 1391 1411 1445 Bethel
1440 1393 1719 1446 humilibus
1743 1394 1982 1464 cancellis

52 1479 309 1550 utrimque
351 1478 389 1532 ,εὶ
428 1480 671 1534 lateribus
713 1493 790 1535 est
832 1482 1007 1536 divisa.
1082 1483 1146 1535 In
1180 1485 1375 1555 templo
1415 1496 1586 1540 autem
1625 1498 1741 1551 sunt
1777 1506 1980 1558 semper

49 1570 378 1625 discalceati.¹

119 1665 334 1731 Verum,
384 1667 503 1719 cum
569 1667 726 1724 libros
786 1687 904 1724 suos
962 1669 1190 1721 maxima
1239 1670 1558 1723 veneratione
1604 1684 1977 1744 prosequantur

45 1756 218 1830 Judaei
245 1759 498 1827 Sinenses,
537 1771 589 1812 et
627 1760 736 1812 haec
761 1760 825 1812 sit
866 1761 1126 1831 praecipua
1151 1783 1328 1816 eorum
1357 1762 1550 1832 religio,
1570 1764 1766 1836 virique
1791 1767 1975 1818 eruditi

41 1838 201 1908 libros
260 1850 378 1904 illos
427 1851 753 1922 potissimum
818 1873 1030 1906 noscere
1086 1855 1409 1925 percupiam,
1466 1858 1534 1908 de
1576 1856 1636 1908 iis
1693 1858 1973 1911 accuratius

38 1942 334 2011 dicendum.

16 2095 18 2098 v
115 2035 346 2089 Nomine
385 2036 435 2089 T
431 2037 658 2114 a-Kz'ng,
684 2038 735 2090 id
761 2049 855 2102 est,
888 2058 1084 2108 magnae
1111 2038 1396 2109 scripturae,
1432 2040 1596 2094 solam
1626 2042 1842 2113 Legem,
1879 2066 1970 2100 seu

39 2128 207 2181 solum
236 2114 647 2184 pentateuchum
673 2131 938 2201 appellant
973 2132 1006 2185 J
1015 2132 1144 2184 udaei
1173 2134 1430 2186 Sinenses.
1506 2135 1619 2188 Soli
1643 2135 1720 2187 illi
1745 2138 1969 2209 quinque

32 2221 243 2290 ‹Moysis
304 2223 421 2276 libri
481 2223 659 2277 locum
707 2224 759 2276 in
810 2224 1004 2277 ,Betlzel
1061 2225 1307 2278 obtinent.
1384 2227 1643 2297 Quodque
1709 2227 1759 2280 T
1754 2222 1967 2304 ci-King

35 2315 281 2385 scriptum
307 2315 560 2386 est-longa
581 2317 758 2370 charta
787 2317 1005 2380 Sinensi,
1045 2319 1191 2389 cujus
1217 2317 1364 2387 plura
1391 2319 1514 2372 folia
1539 2319 1690 2373 simul
1713 2321 1966 2392 congluti-

33 2395 153 2478 iiata
177 2420 310 2476 sunt,
336 2420 394 2462 ut
413 2392 631 2463 crassior
648 2410 712 2463 sit
737 2411 930 2474 charta,
952 2422 1002 2462 et
1019 2411 1180 2479 possit
1205 2410 1356 2463 circa*
1366 2411 1638 2464 voluminis
1662 2413 1964 2472 umbilicum

34 2500 384 2573 circumvolvi.
458 2504 731 2574 Quodque'
754 2502 990 2555 volumen
1016 2514 1175 2556 totam
1214 2503 1408 2573 Legem
1441 2504 1686 2570 continet,
1725 2505 1831 2559 sine
1855 2505 1962 2559 ullst
2020 2524 2027 2529 “

30 2592 298 2665 librorum,
320 2595 567 2664 capitum,
593 2615 830 2648 versuum
857 2595 1194 2660 distinctione,
1215 2596 1425 2649 divisam
1451 2610 1621 2649 tamen
1645 2597 1696 2649 in
1711 2598 1962 2669 quinqua-

28 2686 170 2756 ginta
217 2699 317 2740 tres
364 2688 633 2754 sectioneS,
677 2708 803 2759 quas
850 2688 885 2741 J
893 2689 1023 2740 udaei
1067 2687 1329 2758 appellant
1373 2694 1603 2744 ΠΊἛΙἻΞ).
1679 2689 1844 2742 Nulla
1883 2691 1958 2744 ibi
2036 2763 2041 2767 ¹

28 2780 222 2850 puncta
246 2780 459 2847 vocalia,
486 2781 640 2832 nullae
656 2781 940 2851 phethuroe,
965 2780 1116 2837 nullae
1139 2780 1391 2845 sechumae,
1425 2791 1513 2832 aut
1536 2781 1795 2851 simplices
1820 2798 1874 2847 υ,
1899 2801 1956 2851 5,

29 2880 120 2925 aut
159 2872 387 2943 triplices
434 2880 568 2939 DDD,
593 2877 726 2938 ²:125.
773 2892 886 2943 quae
937 2873 989 2925 in
1034 2873 1218 2926 nostris
1269 2872 1453 2925 Bibliis
1504 2873 1782 2926 Hebraicis
1819 2893 1956 2945 saepe

29 2970 322 3027 occurrunt.
416 2964 480 3018 In
528 2965 872 3019 voluminibus
923 2965 1221 3018 Sinensibus
1270 2966 1465 3018 tantum
1517 2964 1648 3034 iqter
1695 2985 1955 3038 quamque

85 3199 101 3221 ¹
133 3197 418 3250 Discalceati5
450 3197 496 3239 id
533 3203 615 3251 est,
653 3199 742 3240 sine
780 3200 942 3252 caligis,
986 3205 1035 3240 nt
1073 3198 1224 3240 scribit
1258 3199 1312 3239 P.
1347 3200 1584 3252 Domenge.
1659 3199 1757 3242 Quo
1793 3199 1839 3240 in
1873 3213 1953 3242 usu

24 3275 126 3319 nane
163 3277 391 3319 observant
426 3280 540 3333 quod
576 3281 711 3331 Deus,
750 3281 796 3320 in
841 3281 951 3322 rubo
988 3293 1213 3334 apparen8‚
1252 3281 1463 3334 praecepit
1499 3281 1668 3336 Moysi.-
1708 3279 1765 3328 ⁸0
1790 3277 1832 3328 δὲ
1846 3278 1949 3341 εἴτε,

24 3362 99 3413 Mn}
122 3361 292 3427 ἔγγῙσ-ῃς
311 3359 400 3410 ὅδε·
425 3367 557 3412 λῦσαι
583 3367 629 3410 τὶ
655 3359 851 3425 ὑπόδημα
876 3363 920 3410 ἔκ
937 3360 1021 3410 ταῖν
1045 3358 1183 3410 ποδοῖν
1207 3380 1297 3410 νου·
1324 3365 1344 3410 o‘
1367 3366 1454 3431 γὲ(
1471 3363 1613 3420 τόπος,
1645 3366 1680 3414 ἔν
1700 3365 1732 3433 ᾖ
1754 3368 1807 3416 σὺ
1829 3366 1946 3421 ἴση.

22 3476 118 3512 ηις,
143 3460 202 3515 73
221 3452 333 3515 ἁγία
355 3455 458 3505 ἔστί,
517 3457 547 3479 “
567 3457 637 3496 Ne
654 3456 898 3508 appropies,
927 3455 1086 3509 inquit,
1115 3455 1222 3497 huc:
1252 3456 1369 3499 solve
1389 3458 1726 3502 calceamentum
1743 3461 1799 3503 de
1822 3461 1950 3516 'pedi-

24 3543 108 3597 bus
123 3542 232 3583 tuis:
263 3543 382 3584 locus
402 3541 516 3581 enim
534 3540 578 3581 in
595 3552 676 3594 quo
698 3544 799 3592 stas,
819 3544 932 3581 terra
946 3544 1095 3580 sancta
1111 3543 1214 3580 est?
1268 3540 1409 3582 Exod.
1428 3552 1507 3584 111.
1525 3546 1568 3585 5.

239 3666 376 3702 v01..
406 3665 503 3703 111.
1626 3657 1663 3705 2
1687 3647 1737 3704 π’
