1786 3204
196 163 249 198 42
690 164 734 201 C.
766 162 1031 216 CQRNELU
1059 163 1239 203 TACITI
1413 165 1464 202 Α.
1496 165 1544 203 U.
1573 166 1620 204 C.
1646 169 1742 209 ⁸122.

193 264 462 318 prospectu:
500 270 652 318 neque
687 253 865 318 populi,
901 267 981 301 aut
1002 255 1148 318 plebis
1172 255 1268 302 ulla
1287 271 1416 302 vox:
1453 255 1534 304 sed
1555 255 1736 305 attoniti

193 331 365 389 vultus,
389 342 435 378 et
458 347 692 379 conversae
732 330 790 377 ad
820 330 974 378 omnia
1004 348 1166 379 aures:
1221 347 1318 378 non
1351 331 1597 391 tumultus,
1635 347 1734 393 non

193 408 346 473 quies:
401 409 535 473 quale
575 409 731 473 magni
769 409 924 456 metus
964 420 1010 456 et
1049 425 1233 473 magnae
1272 408 1352 457 irae
1379 407 1626 456 silentium¹
1649 420 1746 469 est„

196 486 377 535 Othoni
415 498 570 533 tamen
607 491 640 512 ‘⁶
655 485 820 532 armari
842 486 1061 549 plebem'’
1099 486 1409 534 nuntiabatur.
1479 487 1552 534 Ire
1574 485 1739 550 praeci·

194 563 327 627 pites‚
368 573 413 610 et
457 579 683 626 occupare
719 562 922 626 pericula
939 564 1085 627 jubet.
1155 562 1301 628 Igitur
1324 561 1488 610 milites
1513 561 1734 626 Romani,

196 640 325 703 quasi
370 640 652 704 Vologesen,
691 650 768 685 aut
805 640 1056 697 Pacorum,
1097 639 1216 687 avito
1256 638 1588 687 Arsacidarum
1616 637 1742 698 solio,

195 716 451 779 depulsuri,
480 733 531 763 ac
566 732 662 764 non
696 717 1026 778 Imperatorem
1057 732 1211 774 suum,
1242 715 1468 763 inermem
1490 726 1536 763 et
1557 707 1747 775 senem,

194 794 424 841 trucidare
446 804 710 858 pergerent,
725 791 911 856 disjecta
928 792 1080 856 plebe,
1098 793 1366 856 proculcato
1380 803 1558 850 senatu,
1580 803 1736 841 truces
1776 833 1780 839 .

196 871 351 929 armis,
376 871 542 933 rapidis
584 870 712 934 equis
757 869 916 917 forum
955 869 1255 934 inrumpunt:
1291 886 1378 916 nec
1400 869 1502 917 illos
1521 867 1736 935 Capitolii

195 959 422 1012 aspectus,
460 959 505 994 et
540 946 877 994 imminentium
900 947 1200 1010 templorum²
1223 946 1402 1011 religio,
1425 957 1470 993 et
1492 945 1668 1009 priores
1691 955 1738 996 et

195 1023 341 1072 futuri
378 1024 613 1087 Principes
657 1017 880 1081 terruere,
912 1022 1165 1088 quominus
1188 1022 1391 1071 facerent
1412 1023 1581 1082 scelus,
1603 1023 1735 1089 cujus
1770 1048 1773 1051 >

196 1103 321 1150 ultor
344 1113 410 1150 est
434 1100 639 1165 quisquis
661 1099 888 1147 successit.

262 1265 343 1304 41.
381 1253 522 1303 Viso'
541 1255 756 1304 cominus
778 1267 1060 1304 armatorum
1084 1230 1285 1322 agmine,
1307 1254 1570 1305 vexillarius
1591 1254 1735 1303 comi-

194 1334 328 1381 tantis
370 1335 571 1382 Galbam
611 1334 812 1382 cohortis
871 1336 930 1398 (⁶⁶
957 1335 1153 1383 Atilium
1201 1334 1516 1399 Vergilionem
1558 1330 1732 1381 fuisse”

194 1411 408 1473 tradunt)
447 1412 683 1475 dereptam
725 1413 890 1460 Galbae
935 1413 1197 1478 imaginem³
1238 1413 1337 1460 solo
1382 1410 1570 1459 adflixit.
1661 1408 1734 1457 Eo

194 1488 327 1553 signo
350 1487 587 1536 manifesta
607 1489 655 1535 in
681 1488 921 1540 Othonem
944 1489 1152 1537 omnium
1175 1490 1374 1537 militum
1397 1487 1562 1547 studia,
1584 1486 1736 1549 deserf
1783 1543 1786 1545 ¹

195 1577 297 1615 tum
332 1564 447 1630 fuga
481 1566 640 1629 populi
672 1565 846 1625 forum,
871 1566 1084 1614 destricta
1105 1567 1328 1615 adversus
1351 1565 1608 1614 dubitantes
1628 1563 1734 1619 tela.

193 1643 334 1690 Juxta
359 1643 507 1690 Curtii
530 1643 720 1701 lacum,⁴
741 1643 1040 1706 trepidatione
1062 1642 1309 1692 ferentium
1333 1642 1485 1691 Galba
1501 1642 1732 1708 projectus

195 1717 221 1765 ὲ
251 1719 382 1777 sella,
423 1736 475 1766 ac
507 1720 778 1782 provolutus
824 1732 906 1767 est.
998 1721 1274 1769 Extremam
1309 1722 1407 1786 ejus
1450 1734 1632 1778 vocem,
1677 1714 1756 1768 ut⁷

194 1796 362 1860 cuique
398 1795 574 1854 odium,
609 1808 688 1843 aut
732 1796 971 1844 admiratio
1010 1797 1114 1857 fuit,
1137 1797 1260 1849 varie
1283 1796 1542 1862 prodidere.
1632 1797 1730 1845 Alii
1779 1835 1786 1839 .

193 1873 458 1936 suppliciter
502 1872 826 1938 interrogasse,
873 1879 906 1901 “
925 1874 1037 1938 quid
1076 1874 1184 1936 mali
1229 1873 1503 1922 meruisset?
1558 1890 1732 1938 paucos

193 1953 226 1976 “
251 1949 346 1996 dies
390 1950 673 1997 exsolvendo
714 1951 963 1998 donativo'’
1007 1953 1318 2016 deprecatum.
1399 1950 1563 1999 Plures
1597 1951 1732 2017 obtu-

191 2025 296 2072 lisse
332 2026 455 2073 ultro
491 2028 839 2090 percussoribus
856 2030 1095 2094 jugulum,
1121 2034 1154 2056 “
1176 2039 1364 2094 agerent
1387 2045 1439 2075 ac
1462 2026 1670 2086 ferirent,
1692 2026 1730 2076 si

191 2102 309 2150 “ita
354 2102 380 2150 ὲ
421 2103 658 2167 republica
693 2105 971 2154 videretur.’'
1037 2109 1150 2156 Non
1183 2104 1390 2154 interfuit
1423 2103 1730 2166 occidentium

189 2178 302 2242 quid
340 2179 525 2228 diceret.
603 2182 673 2230 De
712 2199 984 2250 percussore
1030 2200 1126 2232 non
1165 2183 1268 2231 satis
1291 2175 1467 2233 constat
1486 2197 1510 2250 :v
1539 2179 1729 2250 quidam

189 2259 224 2282 ‘⁶
247 2257 535 2316 Terentium,
582 2271 822 2307 evocatum
843 2261 912 2307 :²⁹⁵
957 2261 1029 2310 alii
1089 2265 1122 2288 ‘⁶
1141 2258 1392 2308 Lecanium
1412 2258 1464 2307 :''
1522 2255 1728 2307 crebrior

244 2478 255 2495 ¹
280 2480 303 2516 I
305 2494 355 2518 roe
374 2481 571 2521 silentium.
630 2486 773 2536 Magna
790 2489 846 2526 ira
874 2491 920 2527 si·
1045 2488 1065 2511 ⁴
1092 2489 1217 2529 Curtii
1231 2491 1361 2528 lacmn.
1382 2489 1424 2526 ln
1439 2487 1519 2526 foro
1535 2487 1724 2532 Romano,

186 2531 251 2575 let,
268 2542 305 2571 et
323 2537 429 2573 ardet
446 2551 454 2574 ;
485 2537 574 2575 levis
595 2538 750 2587 clamat,
777 2543 920 2581 tuinul-
993 2553 1080 2582 ante
1099 2551 1230 2581 rostra.
1712 2558 1716 2560 ’

188 2594 331 2624 tuatur.
1048 2596 1060 2617 ⁵
1094 2597 1320 2641 Terentium,
1339 2602 1542 2635 evocatum.
1578 2593 1722 2633 Evoca-

239 2637 256 2654 ²
279 2640 548 2680 lmmz'nentium
560 2647 788 2695 templorum.
803 2649 918 2686 Tem-
991 2656 1083 2694 tum,
1101 2651 1212 2688 officii
1235 2663 1372 2687 nomen
1406 2657 1474 2687 est.
1531 2648 1721 2686 Evocatus

185 2691 293 2751 plum
312 2695 418 2738 ,lovis
438 2697 644 2747 Capitolini
661 2700 813 2750 aliaque
829 2703 914 2752 plu·
991 2704 1120 2741 Galba
1150 2705 1240 2742 olim
1286 2704 1356 2740 sibi
1383 2703 1598 2751 addixerat,
1629 2708 1721 2738 teste

182 2758 287 2806 {³⁰³3
300 2748 471 2787 Deorum
491 2751 635 2801 teilipla
663 2753 702 2789 in
720 2754 914 2804 Capitolio
989 2758 1091 2795 Suet.
1111 2758 1149 2794 in
1168 2755 1310 2814 G²>¹b³²²
1323 2770 1365 2794 x.
1379 2755 1534 2806 Detegit
1546 2760 1721 2807 deque&

183 2802 739 2870 imminebant-foro*Romano,
988 2812 1060 2848 tris
1088 2812 1228 2849 ordinis
1248 2813 1426 2860 juvenes,
1459 2812 1522 2862 qui
1551 2814 1720 2860 manente

281 2854 411 2893 Galboe
430 2870 637 2909 zmagmem.
686 2860 844 2900 V'exillo
858 2862 911 2900 as·
986 2865 1181 2902 anulorum
1209 2878 1405 2903 aureorum
1438 2879 1519 2912 usu,
1554 2864 1718 2905 Evocaei

140 2922 149 2928 ,
181 2904 311 2945 fixam.
774 2944 777 2946 -
985 2918 1278 2968 appellarentur,
1325 2919 1562 2971 excubiasque
1614 2920 1716 2964 circa
