2242 3996
492 172 595 222 AD
630 171 762 223 LIB.
797 174 868 223 11.
903 173 1080 225 HIST.
1115 176 1176 225 C.
1210 176 1424 228 CORN.
1456 177 1714 232 TACITI.
1963 192 2066 243 435

181 298 713 357 Nooe·-···absumta.
788 301 873 356 Ita
921 302 1193 372 MuretuS,
1235 298 1293 361 J.
1327 306 1390 370 F.
1427 290 1752 378 Gronovius,
1787 321 1840 365 et
1881 334 2061 370 recen-

14 400 18 408 “
94 392 278 454 tiores,
354 395 440 448 Ac
473 396 622 470 ,bene
673 397 901 469 quidem.
964 395 1028 449 In
1081 396 1257 452 MSS.
1305 410 1359 454 et
1407 402 1667 456 veteribus
1721 404 2058 477 editionibus,

0 477 3 537 ἑ
103 498 370 544 assumta:
398 491 558 561 ..quod
594 490 808 544 minime
849 491 1104 545 convenit.
1182 493 1272 547 Sic
1306 494 1543 563 Tacitus,
1582 496 1692 550 Vit.
1733 497 1866 569 Agr.
1913 518 2054 556 xxl.

101 586 142 615 “
168 584 403 655 Sequens
426 585 604 652 hyems
631 583 977 638 saluberrimis
1003 584 1233 638 consiliis
1258 588 1548 642 absumta.’'
1996 584 2009 604 ⁸
2086 624 2091 628 ·

175 676 586 751 Perfringendis
633 678 1011 752 obruendisque
1048 679 1295 733 hostibus.
1373 680 1458 735 lta
1499 682 1675 737 MSS.
1721 683 1866 739 Flor.
1911 685 2051 759 Reg.

99 770 241 825 Bud.
265 770 432 826 Corb.
453 772 587 842 Agr.
614 771 799 827 Guelf.
826 772 986 824 editio
1012 759 1286 844 *princepS,
1309 773 1346 829 J
1350 794 1428 829 ac.
1444 775 1508 853 'G
1518 778 1761 833 ronovius
1797 789 1851 833 et
1874 799 2050 843 recen·

98 863 270 918 tiores.
345 863 410 917 In
473 865 649 920 MSS.
706 864 862 944 Harl.
920 864 1081 919 Bodl.
1144 876 1198 919 et
1263 866 1600 936 PuteolanuS,
1654 871 2050 946 perfringendis

98 957 356 1029 operibuS,
400 959 775 1033 obruendisque
835 959 1082 1012 hostibus.
1158 957 1221 1017 In
1278 960 1409 1016 MS.
1458 962 1494 1015 J
1499 981 1570 1016 es.
1622 966 2040 1035 perstringendis

97 1051 351 1122 operibus,
374 1053 462 1116 850.
505 1053 644 1107 certe
674 1051 1067 1126 perfringendis
1108 1052 1346 1126 operibus
1386 1054 1598 1109 minime
1637 1057 1953 1128 displiceret,
1998 1060 2040 1115 si

95 1143 273 1215 plures
294 1145 470 1199 MSS.
497 1147 860 1201 consentirent.

178 1236 451 1312 Utrimque
458 1240 652 1313 pudor.
727 1239 859 1295 MS.
883 1240 920 1296 J
922 1260 995 1319 es.
1019 1240 1229 1314 utrique
1242 1240 1441 1313 pudor,
1466 1242 1675 1315 utrique
1694 1242 1894 1317 gloria.

170 1426 323 1481 CAP.
362 1435 450 1482 22.
494 1426 1010 1503 Propugnatoribus.
1049 1429 1226 1486 MSS.
1258 1429 1411 1485 Harl.
1434 1425 1547 1487 Je'S.
1574 1434 2038 1507 oppugnatoribus.

175 1519 376 1575 Contra
385 1523 714 1594 praetoriani.
792 1523 858 1577 In
896 1524 1072 1579 MSS.
1111 1523 1246 1596 Reg.
1273 1524 1439 1578 Corb.
1459 1536 1511 1579 et
1535 1526 1758 1580 editione
1781 1526 2036 1601 principe,

88 1614 459 1686 praetorianuS.
537 1617 859 1672 Puteolanus
884 1638 943 1672 ac
968 1619 1144 1686 ceteri,
1159 1619 1491 1691 prcetoriani.

170 1708 520 1763 Subeuntium
544 1711 734 1765 obruti.
812 1712 942 1766 MS.
970 1711 1131 1766 Corb.
1161 1711 1368 1766 obruta.

170 1778 288 1857 Aust
306 1796 482 1858 laceri.
556 1802 639 1857 Ita
658 1803 830 1858 MSS.
854 1805 989 1876 Reg.
1009 1805 1174 1859 Corb.
1198 1804 1358 1859 editio
1377 1804 1618 1878 princeps
1636 1817 1688 1862 et
1707 1810 2034 1873 recentiores.

91 1894 159 1951 In
177 1894 352 1952 MSS.
378 1895 531 1951 Harl.
559 1896 716 1951 Bodl.
740 1897 773 1952 J
781 1917 853 1952 eS.
880 1898 1060 1953 Guelf.
1086 1909 1139 1952 et
1164 1897 1506 1967 Puteolanus,
1529 1920 1593 1954 ac
1612 1901 1788 1957 laceri.

0 1983 3 1989 ’
167 1989 387 2047 Pudore
424 2000 612 2063 caeptae.
690 1991 838 2048 Bene
902 1993 1076 2047 MSS.
1119 1993 1254 2064 Reg.
1301 1993 1455 2050 Harl.
1496 1994 1652 2057 Bodl.
1693 1996 1811 2060 Jes‚
1848 1997 2031 2062 Guelf.

89 2083 343 2139 Ernestus
366 2094 421 2138 et
454 2085 781 2142 recentiores.
844 2084 909 2139 In
929 2086 1186 2140 veteribus
1219 2086 1550 2154 editionibus,
1559 2089 1726 2162 famei
1745 2099 1794 2144 et
1811 2092 2032 2163 pudore.

89 2178 167 2233 At
186 2177 353 2252 fama
381 2188 428 2233 et
462 2169 741 2251 repetitum
770 2181 799 2234 ὲ
840 2179 1188 2252 superioribus
1214 2180 1383 2255 fama
1428 2193 1477 2237 et
1518 2182 1745 2239 Ccecina.
1819 2185 2032 2248 Frustra

0 2272 6 2276 ’
86 2273 214 2343 ergo
234 2276 468 2327 tentabat
492 2273 725 2345 LipsiuS,
732 2273 908 2349 fame.

162 2365 461 2422 Adsideret.
535 2367 666 2422 MS.
690 2367 854 2422 Corb.
878 2368 1134 2423 insideret.

164 2458 454 2514 Tradidere
509 2480 627 2515 sese.
703 2462 851 2515 Bene
901 2461 1076 2516 MSS.
1134 2462 1278 2518 Flor.
1330 2464 1495 2517 Corb.
1545 2462 1729 2521 Guelf.
1780 2462 2029 2517 editiones

88 2562 285 2607 veteres
309 2564 360 2607 et
384 2555 713 2610 recentiores.
791 2555 1098 2623 Beroaldus,
1124 2539 1389 2611 tradidere
1412 2576 1481 2611 se.

165 2645 450 2701 Turullium
525 2647 656 2702 MS.
684 2648 840 2703 Bodl.
873 2648 923 2702 Γ
919 2648 1186 2703 urrullzus.
1227 2649 1357 2704 MS.
1387 2649 1542 2705 Harl.
1586 2649 1887 2704 Turi-illius.
1963 2649 2028 2703 In

84 2741 348 2795 veteribus
458 2740 891 2815 Inscriptionibus
1006 2755 1359 2797 memorantur
1466 2742 1858 2798 TVRVLIVS
1966 2756 2023 2798 et

84 2834 507 2892 TVRVLLIA.

160 2929 233 2983 Iu
259 2928 491 2984 Batavis
503 2932 725 3004 genitus.
804 2928 1025 2984 Genitus
1043 2933 1189 2984 abest
1213 2931 1244 2984 εὶ
1272 2930 1403 2985 MS.
1431 2930 1594 2985 Corb.

158 3115 312 3170 CAP.
351 3123 440 3170 03.
479 3115 702 3188 Diffisus
753 3118 1044 3188 paucitate.
1122 3121 1201 3172 Ita
1250 3092 1425 3172 MSS.
1476 3116 1631 3171 Harl.
1689 3116 1846 3171 Bodl.
1905 3116 2020 3173 JeS.

84 3208 269 3272 Guelf.
299 3208 618 3263 Puteolanus
643 3219 695 3262 et
722 3210 1046 3264 recentiores.
1086 3213 1148 3263 In
1170 3210 1342 3264 MSS.
1367 3211 1502 3281 Reg.
1530 3210 1695 3264 Corb.
1721 3221 1774 3264 et
1798 3211 2021 3266 editione

81 3301 337 3372 principe,
348 3303 633 3374 paucitati.
671 3302 965 3374 Utrumque
991 3287 1215 3358 Latine.

9 3457 13 3462 Ι
156 3392 426 3449 Bebriaci.
501 3394 586 3449 Ita
640 3395 814 3465 MSS.
878 3396 1011 3467 Reg.
1077 3397 1240 3452 Corb.
1303 3396 1456 3451 Harl.
1507 3397 1665 3451 Bodl.
1714 3398 1826 3453 JeS.
1883 3400 2016 3470 Agr.

83 3484 405 3542 Puteolanus
449 3488 636 3560 aliique
674 3489 905 3561 plurimi.
987 3491 1191 3545 Laudat
1235 3490 1447 3562 Lipsius
1488 3491 1516 3544 ὲ
1546 3492 1721 3547 MSS.
1755 3492 1926 3547 Vatic.
1964 3504 2017 3547 et

84 3579 349 3650 Sambuci,
393 3580 664 3638 Bedriaci.
742 3583 829 3640 Sic
867 3603 1075 3660 quoque
1117 3585 1248 3641 MS.
1286 3584 1430 3641 Flor.
1474 3583 1630 3671 editio
1672 3585 1917 3658 princeps
1962 3596 2018 3641 et
