1760 3210
1346 145 1349 149 ⁴
1381 153 1435 191 A.
1451 151 1503 192 U.
1514 149 1569 194 Ὁ.
1586 144 1682 197 6οεὶ

130 252 301 314 Felix}
325 250 410 319 per
429 268 620 302 omnem
639 248 860 299 'saevitiam
881 266 935 299 ac
958 250 1211 311 libidinem,
1228 253 1305 318 jus
1323 248 1505 320 regium
1524 247 1686 308 servili

136 332 322 399 ingenio
339 330 564 389 exercuit,
594 327 841 388 Drusilla,²
867 328 1128 393 Cleopatrae
1151 340 1197 378 et
1224 332 1418 380 Antonii
1439 345 1606 399 nepte,
1616 326 1685 386 ’iii

137 409 483 461 matrimonium
506 405 712 471 accepta,
746 417 800 455 ut
821 407 1029 472 ejusdem
1050 407 1246 458 Antonii
1267 409 1399 501 Felix
1427 419 1686 522 progener,

102 497 105 515 ³
140 486 364 538 Claudius
386 487 559 549 nepos³
584 495 717 533 esset.

133 149 215 192 364
628 148 676 187 c.
692 118 972 188 ‘conussm
998 146 1184 188 TAcm

146 672 160 677 v·
210 649 285 691 10.
321 642 582 690 DURAvrr
597 652 752 690 tamen
773 641 986 707 patientia
1002 641 1191 702 Judaeis,
1214 659 1361 708 usque
1377 644 1436 694 ad
1460 634 1688 715 Gessiukff

139 720 369 778 Florum‚4
390 730 752 784 procuratorem.
801 721 900 768 Sub
922 736 979 767 eo
996 720 1174 768 bellum
1194 732 1380 769 ortum·
1418 732 1464 770 et
1485 721 1689 795 compn-

138 814 269 846 mere
304 809 583 862 coeptantem
622 798 831 846 Cestium
870 797 1100 858 Gallum,⁵
1136 798 1281 864 Syriae
1318 790 1540 865 legatum,
1559 799 1687 849 vari‘a‘

140 872 316 940 praelia,
339 892 391 923 ac
410 875 581 939 saepius
603 876 793 924 adversa
813 891 1055 938 excepere.
1093 875 1190 940 Qui
1213 875 1302 924 ubi
1315 875 1427 935 fato,
1450 888 1529 925 aut
1544 877 1691 928 taedid

140 952 337 1012 occidit3
374 953 515 1000 missu
550 952 770 1012 Neronis,
806 953 1108 1017 Vespasianus
1145 952 1343 1002 fortuna·
1373 953 1607 1030 famaque,
1639 960 1696 1004 et

142 1030 339 1096 egregiis
362 1029 594 1090 ministris,
630 1030 751 1078 intra
786 1032 900 1079 duas
935 1027 1150 1091 aestates,⁶
1189 1042 1356 1081 cuncta
1395 1034 1691 1096 camporum}

142 1124 415 1173 omnesque,
461 1119 631 1172 praeter
668 1109 1010 1175 Hierosolyma,
1055 1110 1212 1168 urbes,
1257 1108 1431 1157 victore
1481 1107 1688 1159 exercitu

143 1187 342 1235 tenebat.
410 1186 659 1235 Proximus
682 1202 829 1236 annus
843 1191 859 1218 ⁷
896 1187 1015 1235 civili
1051 1187 1178 1235 bello
1207 1186 1427 1245 intentus,
1463 1190 1690 1251 quantuni

145 1263 204 1311 ad
227 1263 413 1312 Judaeos
452 1280 537 1328 per
575 1263 722 1312 otium
750 1264 953 1312 transiit:
991 1279 1104 1329 pace
1142 1281 1228 1329 per
1265 1261 1439 1314 Italiam
1461 1259 1697 1329 paiz-et

147 1351 352 1390 externae
376 1358 503 1391 curae
533 1340 731 1389 rediere.
795 1343 1014 1407 Augebat
1035 1342 1141 1400 iras,
1164 1340 1298 1406 quod
1319 1335 1410 1389 soli
1426 1331 1574 1394 Judaei
1594 1329 1697 1391 non.

147 1418 398 1466 cessissent.
469 1418 617 1467 Simul
640 1434 826 1468 manere
849 1420 973 1484 apud
996 1419 1228 1468 exercitus
1249 1418 1428 1477 Titum,
1449 1414 1508 1466 ad
1530 1431 1695 1466 omnes

145 1495 430 1562 principatus
468 1497 589 1558 novi
607 1508 798 1546 eventus
833 1515 1020 1548 casusve
1043 1497 1203 1548 utilius
1224 1495 1502 1559 videbatur..
1535 1487 1698 1562 Igitur

205 1731 220 1749 ¹
236 1730 440 1777 ‚Antonius
460 1733 577 1772 Felix.
606 1735 792 1774 Pallantis
810 1736 883 1773 fra-

151 1791 218 1831 ter,
237 1787 393 1824 Claudii
411 1788 580 1833 libertus,
596 1790 713 1827 trium
739 1791 884 1840 regina-

150 1853 237 1878 rum
245 1841 418 1879 maritus.
427 1842 528 1879 Vide
541 1843 658 1881 Stem.
673 1845 886 1891 Herodum,

150 1906 258 1932 num.
284 1900 346 1933 14.

208 1945 224 1965 ²
253 1947 446 1988 Drusilld.
500 1951 593 1989 Alia
610 1951 683 1989 fuit
701 1951 887 1999 Drusilla,

152 2003 210 2049 Ao
190 2002 334 2053 giippae
354 2004 406 2041 11.
436 2016 553 2051 soror,
583 2005 646 2042 cui
668 2006 799 2056 postea
818 2007 886 2043 Fe·

152 2044 209 2093 lix
230 2056 372 2107 nupsit.
428 2058 529 2096 Vide
548 2061 665 2097 Stem.
685 2060 828 2098 Ileiod.
847 2072 886 2098 n.

206 2161 222 2182 ³
253 2164 431 2204 Claudius
446 2179 568 2216 nepos.
588 2166 775 2205 Claudius
808 2167 888 2204 An-

154 2219 268 2257 toniae.
287 2219 441 2257 minoris
458 2219 572 2265 filius,
591 2233 707 2270 nepos
727 2228 808 2258 erat
828 2221 887 2258 M.

154 2273 328 2319 Antonii,
363 2273 572 2311 triumviri.
628 2275 729 2311 Vide

155 2325 251 2370 Caes.
272 2339 309 2364 n.
330 2331 381 2365 42
401 2335 437 2365 et
462 2332 549 2364 100.
571 2328 660 2365 Vol.
681 2340 711 2365 1.
738 2342 777 2379 p.
796 2325 891 2366 461.

157 2379 210 2418 Ut
243 2389 372 2418 autem
409 2381 598 2419 Claudius
636 2383 695 2419 M.
732 2381 890 2419 Antonii

155 2441 236 2471 erat
260 2447 389 2485 nepos,
409 2435 463 2472 sic
483 2449 638 2486 quoque
666 2435 776 2473 Felix
795 2436 895 2485 ejus-

156 2487 419 2528 (lem-Antonii
449 2502 641 2539 progener.
675 2491 801 2526 Tanta
819 2489 893 2527 fuit

155 2540 230 2579 h'tic
248 2549 358 2579 aetate
377 2542 599 2580 libertorum
619 2543 855 2593 arrogantia!

209 2593 228 2614 ⁴
256 2595 426 2633 Ges-sium
443 2597 606 2636 florum.
647 2598 773 2642 Quem
806 2610 894 2634 cru

156 2648 391 2689 ‹lelissimum
401 2658 436 2687 et
447 2650 817 2700 impudentissimum
828 2650 894 2687 ho·-

157 2702 303 2740 minum
333 2704 503 2754 appellat
546 2705 747 2755 Josephus‚
796 2704 894 2743 Bell.

156 2756 180 2794 J
186 2757 250 2794 ud
273 2769 321 2794 11.
342 2761 403 2794 14.
435 2757 580 2804 Florus,
599 2759 691 2795 dum
712 2765 895 2809 potestate

158 2811 345 2857 abutitur,
379 2811 536 2849 Judaeos
568 2787 617 2848 iid
647 2813 896 2851 defectionem

158 2865 304 2915 adegit.
335 2865 527 2918 coepitque
553 2865 697 2905 bellum
724 2870 775 2905 A.
786 2866 838 2905 U.
851 2866 899 2905 C.
925 2855 937 2927 l

772 2274 890 2311 Stem.
934 2277 936 2280 ’

961 1741 1053 1775 818.
1070 1736 1108 1775 J.
1123 1736 1172 1774 C.
1191 1732 1257 1774 65.

1014 1789 1027 1810 ⁵
1059 1789 1222 1828 Cestium
1240 1787 1406 1827 Gallum.
1437 1783 1587 1824 Cestius
1598 1783 1700 1824 Gal·

959 1845 1033 1891 lus,
1051 1851 1095 1882 ut
1110 1850 1237 1882 ortum
1255 1841 1400 1879 bellum
1417 1838 1698 1890 comprimeret,

963 1897 1231 1948 Hierosolyma
1247 1895 1409 1942 obsedit,
1438 1901 1585 1955 partem
1604 1893 1703 1944 Sep-⁴

963 1951 1239 1990 temtrionalem
1253 1949 1357 1988 urbis
1376 1948 1499 1999 cepit,
1507 1946 1699 2010 templum

963 2006 1089 2058 ipsum
1107 2018 1252 2056 aggress
1236 2017 1313 2042 sus.
1365 2005 1421 2040 At
1436 1999 1653 2040 obsidium
1641 2003 1701 2039 m'-

966 2067 1104 2098 cautus
1123 2058 1259 2104 solvit;
1277 2056 1439 2106 caesique
1459 2055 1640 2103 Romani,
1653 2060 1702 2094 ut

964 2119 1093 2152 narrat
1127 2112 1282 2164 Joseph.
1312 2110 1410 2150 Bell.
1439 2109 1534 2149 Jud.
1563 2120 1614 2148 11.
1636 2112 1705 2154 19.

968 2169 1052 2206 Nec
1091 2167 1200 2204 aliter
1240 2164 1444 2204 Suetonius
1471 2163 1510 2202 in
1541 2162 1702 2217 Vespoe.

968 2235 1027 2259 1v.
1083 2219 1255 2270 Coesoque
1286 2218 1500 2271 proeposito,
1538 2215 1704 2267 legatum

968 2276 1118 2325 insuper
1155 2274 1275 2326 Syriae
1311 2272 1538 2310 consularem
1573 2279 1705 2322 suippe,

970 2328 1254 2380 tiasferentem,
1282 2323 1394 2376 rapui
1423 2322 1564 2375 aquila,
1578 2323 1708 2376 ,ἦιξα-ξ

969 2387 1118 2421 verunt.

1023 2431 1040 2453 ⁶
1061 2436 1172 2476 Duas
1188 2438 1352 2471 aestates.
1379 2434 1430 2470 A.
1443 2431 1495 2470 U.
1506 2431 1554 2473 C.
1571 2434 1650 2484 820
1665 2435 1709 2470 et

972 2488 1196 2528 8⁴21.Vide.
1222 2487 1350 2538 suppl.
1368 2485 1511 2525 Annal.
1532 2496 1626 2524 ΧΠ.
1637 2486 1706 2529 4?-

974 2547 1038 2581 5.1
1054 2547 1104 2586 57
1122 2548 1160 2580 et
1176 2554 1253 2591 seq.

1026 2595 1041 2619 ⁷
1072 2595 1269 2634 Proximus
1282 2607 1414 2634 annus.
1427 2579 1477 2631 A.
1490 2590 1543 2631 U.
1553 2591 1602 2634 C
1615 2594 1708 2636 822.-

974 2650 1075 2688 bello
1085 2649 1211 2689 civili
1203 2657 1298 2688 inter
1312 2647 1494 2692 Galbam,
1500 2643 1708 2697 Othonem,

973 2712 1012 2742 et
1030 2705 1065 2742 V
1070 2703 1233 2742 itellium
1252 2703 1430 2752 intentus.
1450 2697 1587 2739 Postea
1601 2674 1711 2742 Prin}
1728 2745 1734 2751 ,

975 2759 1062 2808 cipe
1080 2758 1117 2794 V
1119 2757 1327 2807 espasiano,
1356 2767 1434 2806 pax
1466 2765 1537 2805 per
1555 2751 1710 2797 Italiam

975 2820 1107 2862 parta;
1125 2819 1162 2848 et
1179 2817 1358 2859 externae,
1371 2809 1411 2848 id
1433 2814 1502 2855 est,
1521 2805 1711 2854 Judaicae,

970 2878 1075 2914 curae
1088 2865 1242 2904 rediere.
