1760 3210
461 322 1249 428 e.coRNELu

304 546 456 638 qT
549 511 659 638 'A
770 544 854 636 C
961 543 1014 635 I
1120 545 1363 637 TI

562 735 1157 806 HISTORIAE.

447 1120 449 1122 -
510 1088 769 1143 LIBER
808 1086 1178 1149 QUINTUS.

730 1274 997 1282 ————

518 1368 581 1452 A.
606 1403 674 1454 U.
701 1403 759 1452 c,
782 1411 893 1452 823.
946 1403 987 1453 J.
1014 1403 1071 1452 c.
1099 1406 1179 1454 70.

152 1540 197 1579 1.
236 1512 498 1597 EJUSDEM
535 1529 642 1578 anni
677 1529 919 1595 principio,
944 1531 1103 1579 Caesar
1132 1526 1268 1575 Titus
1296 1528 1627 1592 perdomandae.

78 1608 255 1658 Judaeae
273 1609 478 1657 delectus
502 1607 533 1660 ὲ,
547 1619 693 1672 patre,
716 1619 779 1666 et,
797 1607 982 1672 privatis
1006 1605 1245 1670 utriusque
1268 1606 1441 1667 rebus‚¹
1466 1605 1627 1654 militia

79 1686 249 1744 clarus,
271 1687 445 1751 majore
462 1697 563 1732 tum
586 1685 631 1732 vi
653 1683 871 1749 famaque
893 1685 1075 1750 agebat,
1097 1682 1377 1731 certantibus
1399 1683 1627 1747 provinci-

77 1759 213 1811 arum
234 1773 281 1810 et
303 1762 592 1810 exercituum
616 1762 804 1810 studiis:
825 1774 979 1827 ,atque
1002 1762 1116 1825 ipse,
1139 1772 1198 1818 *ut
1229 1777 1368 1824 super
1389 1759 1626 1810 fortunam

75 1840 361 1898 crederetur,
384 1841 609 1888 decorum
643 1857 708 1898 se,
744 1851 1076 1903 promtumque
1098 1837 1147 1884 in
1175 1837 1314 1885 armis
1338 1838 1625 1898 ostendebat,

74 1916 290 1965 comitate
325 1927 371 1964 et
403 1917 628 1982 adloquiis
668 1917 815 1966 officia
847 1933 1135 1982 provocans;
1172 1932 1225 1963 ac
1262 1908 1540 1979 plerumque
1574 1915 1625 1963 in

72 2011 233 2058 opere,
260 1993 308 2041 in
341 1993 542 2059 agmine,
573 1995 786 2060 gregario
809 1995 939 2042 militi
976 1994 1167 2052 mixtus,
1188 1993 1461 2056 incorrupto
1492 1992 1625 2041 ducis

69 2071 265 2119 honore.
335 2072 454 2119 Tres
471 2090 580 2120 eum
601 2072 649 2119 in
665 2072 828 2122 Judaefi
851 2073 1074 2138 legiones,
1097 2071 1273 2135 quinta,
1291 2081 1336 2117 et
1360 2069 1556 2128 decima,
1574 2082 1620 2117 et

74 2142 431 2212 quintadecima,
454 2160 586 2198 vetus
608 2150 872 2215 Vespasiani
895 2150 1044 2208 miles,
1067 2165 1307 2212 excepere.
1376 2146 1572 2195 Addidit
1595 2146 1625 2196 ὲ

74 2224 209 2290 Syria
248 2226 588 2286 duodecimam,
628 2239 674 2276 et
718 2229 943 2276 adductos
983 2225 1271 2279 Alexandria
1322 2224 1625 2273 duoetvicesi-

72 2318 236 2350 manos
256 2302 601 2371 tertianosque.²
671 2306 1025 2354 Comi'tabantur
1047 2303 1207 2369 viginti
1228 2302 1364 2351 sociae
1388 2302 1623 2360 cohortes,

73 2390 181 2428 octo
203 2379 414 2445 equitum
446 2382 562 2431 alae:
598 2381 735 2430 simul
766 2383 980 2449 Agrippa
1001 2381 1352 2444 Sohemusque³
1387 2395 1541 2445 reges,
1576 2390 1635 2428 et.

130 2539 146 2557 ¹
175 2541 350 2580 Privatis
361 2543 556 2595 utriusque
570 2546 692 2583 rebus.
718 2546 812 2583 Ves-
889 2558 1006 2583 xxn.
1063 2545 1125 2582 De
1154 2542 1233 2580 Titi
1267 2540 1439 2579 exercitu
1468 2540 1554 2578 vide
1585 2547 1627 2578 ct

73 2594 254 2647 pasianus
277 2609 324 2634 ac
340 2597 464 2644 Titus,
497 2598 652 2648 privatis
680 2599 809 2638 adhuc
885 2599 1110 2651 Josephum,
1130 2596 1228 2636 Bell.
1246 2595 1339 2633 Jud.
1361 2607 1400 2632 v.
1425 2600 1459 2632 l.
1478 2608 1516 2633 n.
1531 2591 1571 2632 6.

59 2650 202 2695 jebus,
225 2649 265 2686 id
292 2657 359 2695 est,
387 2653 557 2689 nondum
586 2653 635 2690 ad
662 2653 811 2691 Princi-
945 2650 961 2674 ³
1020 2652 1195 2703 Agrippa
1240 2649 1499 2699 Sohemusque.
1558 2649 1623 2686 Dc

72 2710 208 2753 patum
245 2704 380 2750 evecti,
426 2705 464 2742 in
501 2705 725 2752 Germania,
770 2707 810 2744 in
886 2706 1063 2758 Agrippa
1095 2707 1148 2743 ΙΙ.
1194 2703 1393 2748 Galilaeae3
1441 2702 1621 2748 Sohemo,

72 2756 288 2804 Britannia,
303 2758 342 2795 in
359 2758 380 2796 J
388 2758 498 2797 udaea
517 2760 673 2797 militari
692 2761 808 2798 laude
885 2761 1095 2813 Sophenes;
1125 2757 1333 2804 Antiocho,
1352 2758 1620 2806 Commagenae

74 2809 344 2849 inclaruerunt.
400 2813 501 2851 Vide
520 2814 748 2852 Suetonium
765 2814 805 2852 in
881 2816 1045 2865 regibus,
1057 2815 1142 2866 Jam
1157 2812 1306 2852 dictum
1320 2824 1436 2862 supra
1455 2811 1555 2849 Hist.
1569 2821 1618 2848 11.

73 2862 236 2914 vespas.
255 2876 316 2903 ιν.
330 2871 369 2902 et
387 2866 426 2902 in
443 2866 521 2905 Tit.
540 2879 601 2905 ιν.
883 2872 949 2909 81.
1507 2880 1511 2884 “

125 2913 145 2935 ²
173 2917 455 2973 Tertianosq'ue.
496 2921 677 2974 Legiones
696 2933 751 2961 111
769 2926 808 2960 et
