1786 3204
49 139 155 182 J,‘c,‘
182 133 250 184 69.
410 125 799 170 H1STomARUM
829 123 992 164 LIBER
1019 122 1266 165 TERTIUS,
1516 131 1602 172 191‘

50 246 180 295 Tum
218 250 493 306 progressus
527 230 734 283 Lucilius
776 240 1015 278 auctorem
1066 245 1116 277 se
1166 229 1319 293 palam
1357 229 1563 292 praebet:
1581 232 1597 255 ¹

50 318 208 371 classis
251 312 527 366 Cornelium
554 310 774 358 Fuscum
811 305 1087 372 praefectum
1131 306 1216 355 sibi
1261 306 1472 366 destinat,
1516 307 1599 372 qui

51 393 251 464 propere
274 389 552 441 adcucurrit.
621 388 808 443 Bassus,
842 382 1070 432 honorata
1101 383 1327 445 custodia,
1363 384 1599 438 liburnicis

52 474 277 524 navibus²
301 468 511 518 Atriam³
534 475 778 531 pervectus
796 463 823 510 a
846 461 1067 526 praefecto
1086 462 1170 509 alae
1188 463 1382 511 Mennio
1402 463 1601 522 Rufino,

55 549 324 617 praesidium
366 545 459 593 illic
498 543 719 609 agitante,
762 539 978 588 vincitur.
1048 540 1142 588 Sed
1188 539 1399 587 exsoluta
1448 541 1602 588 statim

56 626 258 685 vincula,
279 625 540 672 interventu
561 618 750 677 Hormi,
774 616 970 666 Caesaris
999 616 1178 664 liberti:
1214 616 1252 664 is
1273 635 1462 683 quoque
1482 619 1605 667 inter

60 707 204 755 duces
222 702 494 762 habebatur.

116 869 209 910 ·13.
245 861 332 907 Az-
378 854 582 913 Caecina,
627 850 886 900 defectione
930 848 1084 898 classis
1128 850 1335 916 vulgata,
1378 853 1606 916 primores

64 938 408 995 centurionum,
425 946 471 982 et
490 948 665 998 paucos
686 930 903 987 militum,
927 927 1090 977 ceteris
1111 945 1194 993 per
1217 930 1389 978 militiae
1414 948 1609 982 munera

64 1015 296 1081 dispersis,
331 1024 506 1062 secreta
534 1022 793 1059 castrorum
825 1006 1098 1067 adfectans,4
1129 1007 1178 1054 in
1215 1008 1436 1073 principia
1457 1020 1607 1058 vocat.

65 1087 155 1144 Ibi'
178 1098 213 1121 “
250 1089 513 1156 Vespasiani
557 1088 795 1146 virtutem,
839 1086 1054 1150 viresque
1097 1085 1298 1149 partium
1314 1086 1347 1107 '⁹
1396 1087 1607 1135 extollit:

67 1176 103 1201 ‘⁶
134 1167 433 1235 transfugisse
471 1167 681 1225 classem,
720 1166 770 1212 in
813 1175 942 1212 arcto
979 1174 1321 1212 commeatum:
1344 1167 1358 1192 ⁵
1397 1165 1612 1214 adversas

68 1253 104 1279 “
140 1246 317 1297 Gallias
358 1244 728 1309 Hispaniasque:
781 1241 895 1289 nihil
934 1241 983 1289 in
1028 1242 1164 1289 Urbe
1208 1242 1356 1289 fidum
1373 1242 1425 1289 :’'
1471 1253 1612 1307 atque

68 1324 225 1374 omnia
245 1324 306 1371 de
335 1322 520 1370 Vitellio
542 1321 590 1368 in
613 1319 827 1369 deterius.
896 1320 1019 1366 Mox
1041 1318 1377 1382 incipientibus,
1401 1319 1480 1383 qui
1503 1336 1613 1368 con-

70 1402 150 1452 scii
182 1402 389 1459 aderant,
412 1410 590 1448 ceteros
611 1415 664 1446 re
697 1397 819 1446 nova
842 1397 1076 1456 attonitos,
1102 1391 1151 1444 in
1174 1397 1315 1444 verba
1348 1397 1636 1462 Vespasiani,

133 1619 147 1638 ²
177 1619 311 1663 Palam
342 1617 497 1668 proebet.
537 1614 727 1655 Plurimas
762 1614 808 1653 de

41 1674 53 1682 ”
77 1673 233 1721 Lucilio
267 1673 386 1711 Basso
414 1670 660 1714 difficultates
689 1669 810 1706 nectit

78 1727 251 1766 eruditus
291 1725 468 1764 Savilius.
542 1725 625 1762 Cur
660 1724 808 1760 exitum

80 1781 134 1826 rei
164 1780 266 1819 intra
297 1780 453 1818 domum
485 1777 707 1830 opperitur?
740 1788 812 1815 cur

80 1835 232 1874 Atriam
253 1841 464 1885 pervectus,
481 1841 519 1870 et
538 1833 710 1869 vinctus?
740 1843 811 1868 cur

80 1889 214 1940 postea
257 1888 379 1925 altum
416 1887 463 1924 de
508 1899 554 1924 eo
589 1884 812 1922 silentium?

83 1943 181 1981 Haec
199 1942 296 1980 forte
321 1954 418 1979 vana
445 1948 547 1984 sunt,
574 1951 644 1981 nec
663 1939 710 1977 dc
730 1938 812 1975 ullo

78 1996 264 2048 scriptore
275 1995 498 2046 quaerenda3
515 1993 594 2044 qui,
609 1993 703 2031 dum
718 1991 814 2032 falsa

83 2062 160 2089 non
187 2050 343 2095 scribat,
378 2060 626 2099 quocumque
655 2046 815 2084 narrati-

81 2105 166 2143 onis
183 2116 314 2154 genere
331 2103 388 2141 uti
411 2109 550 2153 potest,
607 2102 743 2140 Bassus
760 2100 812 2138 rei

84 2158 235 2197 exitum
272 2156 373 2195 intra
408 2157 567 2193 domum
602 2155 815 2205 opperitur,

86 2212 235 2263 pudore
252 2217 322 2249 aut
347 2217 474 2250 metu:
506 2210 672 2254 Atriam,
699 2208 817 2245 hono-

87 2264 174 2304 rata
210 2274 335 2304 tamen
364 2262 556 2309 custodia,
585 2261 819 2315 pervehitur,

89 2326 137 2358 ut
167 2328 273 2358 certa
305 2325 399 2359 esset
434 2318 546 2362 fides}
588 2316 762 2358 vincitur
793 2313 819 2354 ἐι

90 2373 263 2421 Μεῃῃίο,
290 2372 501 2423 suspicioso
517 2370 694 2417 homine3
722 2368 819 2411 fort&

88 2426 205 2465 etiam
225 2426 378 2466 conscio
405 2427 533 2471 Basso,
560 2431 606 2464 ut
628 2429 819 2466 constaret

89 2480 206 2528 fides3
234 2493 321 2532 quae
338 2480 430 2518 cum
449 2478 630 2526 constitit,
647 2479 698 2518 ab
721 2477 820 2516 Hor-

91 2546 170 2580 mo,
197 2532 423 2584 Vespasiani
458 2532 609 2578 liberto,
643 2531 817 2569 exsoluta

90 2587 218 2626 statim
254 2587 423 2626 vincula.
496 2587 654 2626 Mutato
687 2592 817 2641 au-tem

90 2648 342 2688 sacramento,
386 2640 611 2691 praesectum
655 2638 821 2677 mutavit

91 2694 235 2741 classis,
279 2693 550 2738 consentiente.
597 2699 643 2732 ut
673 2692 824 2743 opinor,

94 2749 224 2795 Basso,
240 2747 346 2798 qudd
375 2748 537 2792 Fuscus,
557 2747 685 2797 vigens
699 2753 824 2792 aetate,

94 2801 208 2845 claris
231 2801 438 2847 natalibus,
468 2801 653 2851 susceptis
679 2800 825 2849 Vespa-

93 2854 191 2895 siani
225 2856 410 2908 partibus,
455 2854 682 2894 acerrimam
723 2852 825 2892 bello

94 2909 219 2956 facem
254 2909 467 2964 praeseri-eu
509 2915 553 2950 ut
587 2907 737 2953 dictum
770 2912 828 2949 est

880 1613 982 1655 Hist.
1002 1625 1051 1652 11.
1084 1610 1148 1651 86.
1186 1613 1285 1650 Vide
1314 1619 1351 1652 et
1381 1613 1481 1652 infra
1510 1615 1614 1654 Hist.

882 1680 950 1705 111.
971 1672 1035 1706 42.
1066 1668 1226 1705 Peracto
1245 1678 1373 1706 autem
1393 1668 1506 1716 bello,
1523 1669 1615 1707 Fus-

883 1735 1007 1772 coque
1039 1721 1224 1772 praetoriis
1257 1721 1479 1772 insignibus,
1511 1723 1615 1762 I-list.

884 1788 943 1814 xv.
963 1780 1001 1813 4.
1019 1776 1173 1821 donato,
1191 1776 1342 1814 videtur
1362 1777 1500 1814 Bassus
1519 1790 1615 1828 pra>-

883 1830 1072 1869 secturam
1117 1829 1246 1867 classis
1293 1830 1523 1869 Ravennatis
1560 1844 1617 1870 re-

882 1884 1070 1929 sumsisse,
1098 1890 1143 1921 ut
1171 1884 1363 1933 conjicere
1389 1891 1446 1922 est
1474 1897 1521 1922 ex
1553 1885 1617 1923 In·

881 1938 1087 1989 scriptione
1103 1937 1259 1976 laudata
1273 1938 1312 1976 in
1323 1944 1401 1976 not.
1413 1939 1618 1980 ctvemcnd.

885 1992 933 2031 ad
955 1992 1055 2030 Hist.
1077 2004 1126 2030 11.
1149 1996 1238 2029 100.

938 2043 956 2062 ²
984 2045 1198 2091 Liburnicis
1215 2046 1389 2085 navibus,
1418 2047 1479 2084 De
1495 2046 1618 2086 libur-

883 2099 980 2140 nicis
996 2099 1146 2140 dictum
1166 2100 1309 2138 Annal.
1328 2113 1418 2138 xw.
1447 2103 1510 2139 14.

938 2149 954 2174 ³
983 2152 1151 2192 Atriam.
1198 2154 1317 2193 Nunc
1349 2153 1489 2202 Adria,
1524 2167 1617 2193 near

887 2208 1050 2258 Rovigo.

938 2259 958 2287 4
984 2262 1139 2301 Secreta
1169 2267 1377 2300 castrorum
1405 2262 1619 2315 adfectans.

887 2315 1033 2354 Ceteris
1053 2328 1119 2366 per
1134 2315 1283 2355 militiae
1298 2329 1458 2354 munera
1475 2316 1620 2365 disper·

888 2371 951 2416 sis,
969 2375 1115 2409 secreta
1127 2378 1355 2416 castrorum,
1371 2383 1437 2407 seu
1455 2378 1620 2420 tempus,

890 2436 970 2474 quo
1002 2422 1085 2461 sola
1116 2430 1226 2461 erant
1255 2431 1393 2470 castra,
1421 2436 1622 2474 aucupans

891 2477 1060 2530 Caecina,
1077 2490 1142 2515 eos
1155 2484 1272 2515 vocat
1290 2477 1329 2515 in
1345 2477 1549 2531 principia,

925 2581 1057 2608 concilii
1063 2579 1231 2615 penetrale,
1244 2581 1428 2614 domumque
1439 2581 1599 2608 verendam

892 2620 1065 2654 Signorum.
1362 2621 1476 2652 Statius,
1489 2629 1518 2647 x.
1529 2623 1589 2648 120.

894 2711 998 2749 Vide
1016 2709 1158 2749 Annal.
1178 2721 1208 2748 1.
1228 2706 1294 2748 61.
1312 2715 1391 2748 not.
1411 2722 1498 2761 sup.

952 2763 966 2786 ⁵
998 2765 1048 2801 In
1085 2768 1194 2802 arcto
1227 2768 1475 2818 commeatum.
1513 2763 1632 2801 Ciba-

897 2818 1043 2858 riorum
1097 2822 1391 2869 ceterorumque
1440 2829 1631 2860 commea·

899 2878 1013 2913 tuum
1032 2871 1240 2925 angustias,
