<?xml version="1.0" encoding="UTF-8"?>
<!DOCTYPE html PUBLIC "-//W3C//DTD XHTML 1.0 Transitional//EN"
    "http://www.w3.org/TR/xhtml1/DTD/xhtml1-transitional.dtd">
<html xmlns="http://www.w3.org/1999/xhtml" xml:lang="en" lang="en">
 <head>
  <title>
</title>
<meta http-equiv="Content-Type" content="text/html;charset=utf-8" />
  <meta name='ocr-system' content='tesseract 3.04.00' />
  <meta name='ocr-capabilities' content='ocr_page ocr_carea ocr_par ocr_line ocrx_word'/>
</head>
<body>
  <div class='ocr_page' id='page_1' title='image "./operarecognovite03taciuoft_0401.png"; bbox 0 0 1878 3198; ppageno 0'>
   <div class='ocr_carea' id='block_1_1' title="bbox 414 117 1665 180">
    <p class='ocr_par' dir='ltr' id='par_1_1' title="bbox 414 117 1665 180">
     <span class='ocr_line' id='line_1_1' title="bbox 414 117 1665 180; baseline 0.004 -11"><span class='ocrx_word' id='word_1_1' title='bbox 414 129 512 170; x_wconf 80' lang='lat' dir='ltr'><strong>AD.</strong></span> <span class='ocrx_word' id='word_1_2' title='bbox 539 129 643 169; x_wconf 77' lang='lat' dir='ltr'>Lm.</span> <span class='ocrx_word' id='word_1_3' title='bbox 673 129 706 170; x_wconf 91' lang='lat'><strong>1.</strong></span> <span class='ocrx_word' id='word_1_4' title='bbox 735 129 873 169; x_wconf 83' lang='lat' dir='ltr'><strong>HIST.</strong></span> <span class='ocrx_word' id='word_1_5' title='bbox 901 128 949 168; x_wconf 79' lang='lat' dir='ltr'>c,</span> <span class='ocrx_word' id='word_1_6' title='bbox 978 129 1146 170; x_wconf 84' lang='lat' dir='ltr'><strong>CORN.</strong></span> <span class='ocrx_word' id='word_1_7' title='bbox 1172 129 1372 171; x_wconf 77' lang='lat' dir='ltr'>TAcrrr.</span> <span class='ocrx_word' id='word_1_8' title='bbox 1582 117 1665 180; x_wconf 64' lang='lat'>407</span> 
     </span>
    </p>
   </div>
   <div class='ocr_carea' id='block_1_2' title="bbox 119 229 1661 519">
    <p class='ocr_par' dir='ltr' id='par_1_2' title="bbox 119 229 1661 519">
     <span class='ocr_line' id='line_1_2' title="bbox 150 229 1661 294; baseline 0.003 -20"><span class='ocrx_word' id='word_1_9' title='bbox 150 232 154 238; x_wconf 86' lang='lat'>&#39;</span> <span class='ocrx_word' id='word_1_10' title='bbox 181 229 472 275; x_wconf 71' lang='lat' dir='ltr'>Tradidemnt.</span> <span class='ocrx_word' id='word_1_11' title='bbox 532 230 666 275; x_wconf 69' lang='lat' dir='ltr'>Recte</span> <span class='ocrx_word' id='word_1_12' title='bbox 696 231 996 275; x_wconf 85' lang='lat' dir='ltr'>Freinshemius</span> <span class='ocrx_word' id='word_1_13' title='bbox 1027 233 1050 276; x_wconf 79' lang='grc' dir='ltr'>ὲ</span> <span class='ocrx_word' id='word_1_14' title='bbox 1082 232 1185 277; x_wconf 89' lang='lat' dir='ltr'><strong>MS.</strong></span> <span class='ocrx_word' id='word_1_15' title='bbox 1213 231 1328 276; x_wconf 88' lang='lat' dir='ltr'>Flor.</span> <span class='ocrx_word' id='word_1_16' title='bbox 1389 233 1460 277; x_wconf 86' lang='lat' dir='ltr'>Sic</span> <span class='ocrx_word' id='word_1_17' title='bbox 1495 250 1661 294; x_wconf 74' lang='lat' dir='ltr'>quoque</span> 
     </span>
     <span class='ocr_line' id='line_1_3' title="bbox 119 303 1564 363; baseline 0.001 -13"><span class='ocrx_word' id='word_1_18' title='bbox 119 303 261 350; x_wconf 77' lang='lat' dir='ltr'><strong>MSS.</strong></span> <span class='ocrx_word' id='word_1_19' title='bbox 281 305 388 363; x_wconf 85' lang='lat' dir='ltr'><strong>Reg.</strong></span> <span class='ocrx_word' id='word_1_20' title='bbox 409 305 532 349; x_wconf 87' lang='lat' dir='ltr'>Harl.</span> <span class='ocrx_word' id='word_1_21' title='bbox 552 315 594 350; x_wconf 89' lang='lat' dir='ltr'>et</span> <span class='ocrx_word' id='word_1_22' title='bbox 611 307 642 350; x_wconf 90' lang='lat' dir='ltr'><strong>J</strong></span> <span class='ocrx_word' id='word_1_23' title='bbox 644 322 700 349; x_wconf 82' lang='lat' dir='ltr'>es.</span> <span class='ocrx_word' id='word_1_24' title='bbox 721 306 773 349; x_wconf 90' lang='lat' dir='ltr'>In</span> <span class='ocrx_word' id='word_1_25' title='bbox 788 307 991 350; x_wconf 86' lang='lat' dir='ltr'>veteribus</span> <span class='ocrx_word' id='word_1_26' title='bbox 1011 308 1272 362; x_wconf 84' lang='lat' dir='ltr'>editionibus,</span> <span class='ocrx_word' id='word_1_27' title='bbox 1293 309 1564 353; x_wconf 76' lang='lat' dir='ltr'>crediderunt.</span> 
     </span>
     <span class='ocr_line' id='line_1_4' title="bbox 178 380 1658 444; baseline 0.005 -20"><span class='ocrx_word' id='word_1_28' title='bbox 178 381 248 424; x_wconf 93' lang='lat' dir='ltr'>M.</span> <span class='ocrx_word' id='word_1_29' title='bbox 272 380 419 425; x_wconf 84' lang='lat' dir='ltr'>Crasso</span> <span class='ocrx_word' id='word_1_30' title='bbox 447 389 486 425; x_wconf 82' lang='lat' dir='ltr'>et</span> <span class='ocrx_word' id='word_1_31' title='bbox 523 381 756 425; x_wconf 63' lang='lat' dir='ltr'>Scribonia.</span> <span class='ocrx_word' id='word_1_32' title='bbox 815 381 877 425; x_wconf 93' lang='lat' dir='ltr'>Ut</span> <span class='ocrx_word' id='word_1_33' title='bbox 909 382 1071 426; x_wconf 88' lang='lat' dir='ltr'>Pisonis</span> <span class='ocrx_word' id='word_1_34' title='bbox 1090 383 1282 428; x_wconf 78' lang='lat' dir='ltr'>nobilitas</span> <span class='ocrx_word' id='word_1_35' title='bbox 1305 383 1548 441; x_wconf 83' lang='lat' dir='ltr'>innotescat,</span> <span class='ocrx_word' id='word_1_36' title='bbox 1570 386 1658 444; x_wconf 72' lang='lat' dir='ltr'>ejus</span> 
     </span>
     <span class='ocr_line' id='line_1_5' title="bbox 119 439 1441 519; baseline 0.002 -19"><span class='ocrx_word' id='word_1_37' title='bbox 119 456 308 506; x_wconf 74' lang='lat' dir='ltr'>Stemma</span> <span class='ocrx_word' id='word_1_38' title='bbox 325 456 396 503; x_wconf 81' lang='lat' dir='ltr'>hic</span> <span class='ocrx_word' id='word_1_39' title='bbox 413 465 683 519; x_wconf 80' lang='lat' dir='ltr'>proponetur,</span> <span class='ocrx_word' id='word_1_40' title='bbox 732 468 748 481; x_wconf 76' lang='lat'><em>⁶</em></span> <span class='ocrx_word' id='word_1_41' title='bbox 1426 439 1441 454; x_wconf 38' lang='lat' dir='ltr'><em>f</em></span> 
     </span>
    </p>
   </div>
   <div class='ocr_carea' id='block_1_3' title="bbox 471 736 1320 796">
    <p class='ocr_par' dir='ltr' id='par_1_3' title="bbox 471 736 1320 796">
     <span class='ocr_line' id='line_1_6' title="bbox 471 736 1320 796; baseline 0.004 -3"><span class='ocrx_word' id='word_1_42' title='bbox 471 736 856 794; x_wconf 84' lang='lat' dir='ltr'><strong><em>PISONIS</em></strong></span> <span class='ocrx_word' id='word_1_43' title='bbox 915 737 1320 796; x_wconf 81' lang='lat' dir='ltr'><strong>STEMMA.</strong></span> 
     </span>
    </p>
   </div>
   <div class='ocr_carea' id='block_1_4' title="bbox 15 911 1859 2047">
    <p class='ocr_par' dir='ltr' id='par_1_4' title="bbox 434 911 1342 1035">
     <span class='ocr_line' id='line_1_7' title="bbox 434 911 1342 959; baseline 0.002 -14"><span class='ocrx_word' id='word_1_44' title='bbox 434 912 488 948; x_wconf 78' lang='grc' dir='ltr'>Μ.</span> <span class='ocrx_word' id='word_1_45' title='bbox 505 911 659 946; x_wconf 86' lang='lat' dir='ltr'>Licinius</span> <span class='ocrx_word' id='word_1_46' title='bbox 673 913 824 954; x_wconf 83' lang='lat' dir='ltr'>Crassus,</span> <span class='ocrx_word' id='word_1_47' title='bbox 839 913 890 946; x_wconf 91' lang='lat' dir='ltr'>M.</span> <span class='ocrx_word' id='word_1_48' title='bbox 906 913 1030 955; x_wconf 78' lang='lat' dir='ltr'>Crassi,</span> <span class='ocrx_word' id='word_1_49' title='bbox 1046 913 1210 956; x_wconf 85' lang='lat' dir='ltr'>Agelasti,</span> <span class='ocrx_word' id='word_1_50' title='bbox 1219 925 1342 959; x_wconf 70' lang='lat' dir='ltr'>nepos,</span> 
     </span>
     <span class='ocr_line' id='line_1_8' title="bbox 464 956 1320 998; baseline 0.001 -7"><span class='ocrx_word' id='word_1_51' title='bbox 464 956 695 993; x_wconf 75' lang='lat' dir='ltr'>Romanorum</span> <span class='ocrx_word' id='word_1_52' title='bbox 710 957 906 998; x_wconf 82' lang='lat' dir='ltr'>ditissimus,</span> <span class='ocrx_word' id='word_1_53' title='bbox 920 957 942 990; x_wconf 72' lang='lat' dir='ltr'>a</span> <span class='ocrx_word' id='word_1_54' title='bbox 957 958 1096 990; x_wconf 86' lang='lat' dir='ltr'>Parthis</span> <span class='ocrx_word' id='word_1_55' title='bbox 1109 957 1320 992; x_wconf 74' lang='lat' dir='ltr'>interemtus.</span> 
     </span>
     <span class='ocr_line' id='line_1_9' title="bbox 735 1000 986 1035; baseline 0.004 -3"><span class='ocrx_word' id='word_1_56' title='bbox 735 1000 828 1032; x_wconf 85' lang='lat' dir='ltr'>Plin.</span> <span class='ocrx_word' id='word_1_57' title='bbox 844 1010 915 1033; x_wconf 86' lang='lat' dir='ltr'>vn.</span> <span class='ocrx_word' id='word_1_58' title='bbox 932 1005 986 1035; x_wconf 88' lang='lat'>19.</span> 
     </span>
    </p>

    <p class='ocr_par' dir='ltr' id='par_1_5' title="bbox 315 1086 1449 1345">
     <span class='ocr_line' id='line_1_10' title="bbox 693 1086 1082 1121; baseline -0.003 -1"><span class='ocrx_word' id='word_1_59' title='bbox 693 1086 747 1120; x_wconf 88' lang='lat' dir='ltr'>M.</span> <span class='ocrx_word' id='word_1_60' title='bbox 763 1088 917 1120; x_wconf 79' lang='lat' dir='ltr'>Licinius</span> <span class='ocrx_word' id='word_1_61' title='bbox 933 1089 1082 1121; x_wconf 77' lang='lat' dir='ltr'>Crassus,</span> 
     </span>
     <span class='ocr_line' id='line_1_11' title="bbox 341 1134 1425 1170; baseline 0.001 -15"><span class='ocrx_word' id='word_1_62' title='bbox 341 1134 1425 1170; x_wconf 51' lang='lat' dir='ltr'>,.——.—-—-A--—-—.—--..-</span> 
     </span>
     <span class='ocr_line' id='line_1_12' title="bbox 315 1174 1449 1209; baseline 0.002 -2"><span class='ocrx_word' id='word_1_63' title='bbox 315 1174 370 1207; x_wconf 78' lang='lat' dir='ltr'><strong>M.</strong></span> <span class='ocrx_word' id='word_1_64' title='bbox 385 1174 539 1207; x_wconf 88' lang='lat' dir='ltr'>Licinius</span> <span class='ocrx_word' id='word_1_65' title='bbox 554 1174 691 1207; x_wconf 79' lang='lat' dir='ltr'>Crassus</span> <span class='ocrx_word' id='word_1_66' title='bbox 706 1175 758 1206; x_wconf 90' lang='lat' dir='ltr'>M.</span> <span class='ocrx_word' id='word_1_67' title='bbox 777 1175 814 1207; x_wconf 86' lang='lat' dir='ltr'><strong>F.</strong></span> <span class='ocrx_word' id='word_1_68' title='bbox 831 1175 884 1207; x_wconf 89' lang='lat' dir='ltr'>M.</span> <span class='ocrx_word' id='word_1_69' title='bbox 900 1175 947 1209; x_wconf 89' lang='lat' dir='ltr'>N.</span> <span class='ocrx_word' id='word_1_70' title='bbox 963 1176 1079 1208; x_wconf 85' lang='lat' dir='ltr'>consul</span> <span class='ocrx_word' id='word_1_71' title='bbox 1098 1183 1135 1207; x_wconf 81' lang='lat' dir='ltr'><strong>A.</strong></span> <span class='ocrx_word' id='word_1_72' title='bbox 1152 1185 1176 1208; x_wconf 85' lang='lat' dir='ltr'>u</span> <span class='ocrx_word' id='word_1_73' title='bbox 1194 1184 1239 1208; x_wconf 94' lang='lat' dir='ltr'><strong>.c.</strong></span> <span class='ocrx_word' id='word_1_74' title='bbox 1256 1185 1449 1209; x_wconf 81' lang='lat' dir='ltr'>nccxxnr.</span> 
     </span>
     <span class='ocr_line' id='line_1_13' title="bbox 325 1218 1439 1260; baseline 0.001 -10"><span class='ocrx_word' id='word_1_75' title='bbox 325 1218 508 1260; x_wconf 85' lang='lat' dir='ltr'>proconsul</span> <span class='ocrx_word' id='word_1_76' title='bbox 522 1218 745 1260; x_wconf 86' lang='lat' dir='ltr'>triumphavit</span> <span class='ocrx_word' id='word_1_77' title='bbox 758 1227 802 1250; x_wconf 84' lang='lat' dir='ltr'>ex</span> <span class='ocrx_word' id='word_1_78' title='bbox 815 1218 962 1251; x_wconf 69' lang='lat' dir='ltr'>Thracia</span> <span class='ocrx_word' id='word_1_79' title='bbox 977 1223 1014 1251; x_wconf 89' lang='lat' dir='ltr'>et</span> <span class='ocrx_word' id='word_1_80' title='bbox 1025 1219 1125 1251; x_wconf 80' lang='lat' dir='ltr'>Getis</span> <span class='ocrx_word' id='word_1_81' title='bbox 1137 1227 1173 1251; x_wconf 76' lang='grc' dir='ltr'>Α.</span> <span class='ocrx_word' id='word_1_82' title='bbox 1187 1228 1222 1253; x_wconf 84' lang='lat' dir='ltr'>u.</span> <span class='ocrx_word' id='word_1_83' title='bbox 1233 1228 1266 1252; x_wconf 92' lang='lat' dir='ltr'>c.</span> <span class='ocrx_word' id='word_1_84' title='bbox 1280 1228 1439 1252; x_wconf 84' lang='lat' dir='ltr'>nccxxv.</span> 
     </span>
     <span class='ocr_line' id='line_1_14' title="bbox 444 1304 1340 1345; baseline 0.002 -8"><span class='ocrx_word' id='word_1_85' title='bbox 444 1305 497 1338; x_wconf 88' lang='lat' dir='ltr'>M.</span> <span class='ocrx_word' id='word_1_86' title='bbox 513 1304 666 1337; x_wconf 76' lang='lat' dir='ltr'>Licinius</span> <span class='ocrx_word' id='word_1_87' title='bbox 683 1304 834 1345; x_wconf 75' lang='lat' dir='ltr'>Crassus»,</span> <span class='ocrx_word' id='word_1_88' title='bbox 848 1306 966 1338; x_wconf 88' lang='lat' dir='ltr'>consul</span> <span class='ocrx_word' id='word_1_89' title='bbox 979 1314 1016 1338; x_wconf 77' lang='grc' dir='ltr'>Α.</span> <span class='ocrx_word' id='word_1_90' title='bbox 1032 1316 1067 1338; x_wconf 79' lang='grc' dir='ltr'>υ.</span> <span class='ocrx_word' id='word_1_91' title='bbox 1084 1315 1116 1340; x_wconf 84' lang='lat' dir='ltr'>c.</span> <span class='ocrx_word' id='word_1_92' title='bbox 1129 1314 1340 1340; x_wconf 78' lang='lat' dir='ltr'>Dccxxxrx.</span> 
     </span>
    </p>

    <p class='ocr_par' dir='ltr' id='par_1_6' title="bbox 15 1347 1859 2047">
     <span class='ocr_line' id='line_1_15' title="bbox 283 1347 1492 1393; baseline 0.002 -11"><span class='ocrx_word' id='word_1_93' title='bbox 283 1347 446 1392; x_wconf 78' lang='lat' dir='ltr'>Inscript.</span> <span class='ocrx_word' id='word_1_94' title='bbox 458 1347 603 1390; x_wconf 84' lang='lat' dir='ltr'>Collegii</span> <span class='ocrx_word' id='word_1_95' title='bbox 619 1348 777 1382; x_wconf 89' lang='lat' dir='ltr'>Romani.</span> <span class='ocrx_word' id='word_1_96' title='bbox 822 1349 912 1381; x_wconf 86' lang='lat' dir='ltr'>Vide</span> <span class='ocrx_word' id='word_1_97' title='bbox 929 1349 1097 1390; x_wconf 84' lang='lat' dir='ltr'>Piranesi,</span> <span class='ocrx_word' id='word_1_98' title='bbox 1112 1350 1205 1382; x_wconf 87' lang='lat' dir='ltr'>Fast.</span> <span class='ocrx_word' id='word_1_99' title='bbox 1223 1350 1372 1392; x_wconf 79' lang='lat' dir='ltr'><strong>Capitol.</strong></span> <span class='ocrx_word' id='word_1_100' title='bbox 1387 1360 1423 1393; x_wconf 88' lang='lat' dir='ltr'><strong>p.</strong></span> <span class='ocrx_word' id='word_1_101' title='bbox 1437 1354 1492 1384; x_wconf 82' lang='lat'><strong>34.</strong></span> 
     </span>
     <span class='ocr_line' id='line_1_16' title="bbox 393 1431 1395 1478; baseline 0.002 -10"><span class='ocrx_word' id='word_1_102' title='bbox 393 1431 454 1469; x_wconf 62' lang='lat' dir='ltr'>M?</span> <span class='ocrx_word' id='word_1_103' title='bbox 461 1434 612 1468; x_wconf 84' lang='lat' dir='ltr'>Licmius</span> <span class='ocrx_word' id='word_1_104' title='bbox 630 1435 768 1467; x_wconf 79' lang='lat' dir='ltr'>Crassus</span> <span class='ocrx_word' id='word_1_105' title='bbox 783 1436 898 1478; x_wconf 77' lang='lat' dir='ltr'>Frugi,</span> <span class='ocrx_word' id='word_1_106' title='bbox 913 1437 1030 1469; x_wconf 89' lang='lat' dir='ltr'>consul</span> <span class='ocrx_word' id='word_1_107' title='bbox 1045 1445 1081 1469; x_wconf 77' lang='lat' dir='ltr'><strong>A.</strong></span> <span class='ocrx_word' id='word_1_108' title='bbox 1099 1445 1134 1470; x_wconf 80' lang='lat' dir='ltr'>u.</span> <span class='ocrx_word' id='word_1_109' title='bbox 1151 1445 1183 1469; x_wconf 90' lang='lat' dir='ltr'>c.</span> <span class='ocrx_word' id='word_1_110' title='bbox 1200 1445 1395 1470; x_wconf 67' lang='lat' dir='ltr'>nccnxxx.</span> 
     </span>
     <span class='ocr_line' id='line_1_17' title="bbox 378 1478 1396 1522; baseline -0.001 -9"><span class='ocrx_word' id='word_1_111' title='bbox 378 1478 435 1514; x_wconf 73' lang='lat' dir='ltr'>bis</span> <span class='ocrx_word' id='word_1_112' title='bbox 452 1478 667 1520; x_wconf 77' lang='lat' dir='ltr'>triumphalia</span> <span class='ocrx_word' id='word_1_113' title='bbox 678 1484 877 1512; x_wconf 81' lang='lat' dir='ltr'>ornamenta</span> <span class='ocrx_word' id='word_1_114' title='bbox 896 1480 1054 1522; x_wconf 87' lang='lat' dir='ltr'>adeptus,</span> <span class='ocrx_word' id='word_1_115' title='bbox 1075 1479 1095 1512; x_wconf 75' lang='lat' dir='ltr'>a</span> <span class='ocrx_word' id='word_1_116' title='bbox 1118 1480 1259 1513; x_wconf 87' lang='lat' dir='ltr'>Claudio</span> <span class='ocrx_word' id='word_1_117' title='bbox 1278 1490 1396 1513; x_wconf 79' lang='lat' dir='ltr'>caesus.</span> 
     </span>
     <span class='ocr_line' id='line_1_18' title="bbox 493 1521 1287 1558; baseline 0 -2"><span class='ocrx_word' id='word_1_118' title='bbox 493 1521 609 1556; x_wconf 83' lang='lat' dir='ltr'><strong>Tacit.</strong></span> <span class='ocrx_word' id='word_1_119' title='bbox 625 1521 751 1554; x_wconf 82' lang='lat' dir='ltr'>Annal.</span> <span class='ocrx_word' id='word_1_120' title='bbox 768 1531 820 1555; x_wconf 79' lang='grc' dir='ltr'>ιν.</span> <span class='ocrx_word' id='word_1_121' title='bbox 836 1523 978 1556; x_wconf 88' lang='lat' dir='ltr'>Sueton.</span> <span class='ocrx_word' id='word_1_122' title='bbox 994 1523 1029 1555; x_wconf 85' lang='lat' dir='ltr'>in</span> <span class='ocrx_word' id='word_1_123' title='bbox 1046 1523 1168 1556; x_wconf 87' lang='lat' dir='ltr'>Claud.</span> <span class='ocrx_word' id='word_1_124' title='bbox 1186 1532 1287 1558; x_wconf 82' lang='lat' dir='ltr'>xvu.</span> 
     </span>
     <span class='ocr_line' id='line_1_19' title="bbox 667 1565 1104 1610; baseline 0.005 -12"><span class='ocrx_word' id='word_1_125' title='bbox 667 1566 790 1598; x_wconf 88' lang='lat' dir='ltr'>Senec.</span> <span class='ocrx_word' id='word_1_126' title='bbox 803 1565 839 1598; x_wconf 89' lang='lat' dir='ltr'>in</span> <span class='ocrx_word' id='word_1_127' title='bbox 852 1565 1104 1610; x_wconf 85' lang='lat' dir='ltr'>Apocolocynt.</span> 
     </span>
     <span class='ocr_line' id='line_1_20' title="bbox 840 1610 941 1651; baseline 0 -9"><span class='ocrx_word' id='word_1_128' title='bbox 840 1610 941 1651; x_wconf 74' lang='lat' dir='ltr'>Uxor,</span> 
     </span>
     <span class='ocr_line' id='line_1_21' title="bbox 637 1652 1134 1695; baseline 0.006 -10"><span class='ocrx_word' id='word_1_129' title='bbox 637 1652 828 1695; x_wconf 87' lang='lat' dir='ltr'>Scribonia,</span> <span class='ocrx_word' id='word_1_130' title='bbox 843 1652 863 1685; x_wconf 72' lang='lat' dir='ltr'>a</span> <span class='ocrx_word' id='word_1_131' title='bbox 875 1653 1017 1686; x_wconf 86' lang='lat' dir='ltr'>Claudio</span> <span class='ocrx_word' id='word_1_132' title='bbox 1034 1664 1134 1688; x_wconf 84' lang='lat' dir='ltr'>caesa.</span> 
     </span>
     <span class='ocr_line' id='line_1_22' title="bbox 483 1696 1286 1741; baseline 0.002 -12"><span class='ocrx_word' id='word_1_133' title='bbox 483 1696 601 1730; x_wconf 87' lang='lat' dir='ltr'><strong>Tacit.</strong></span> <span class='ocrx_word' id='word_1_134' title='bbox 617 1697 710 1729; x_wconf 83' lang='lat' dir='ltr'>Hist.</span> <span class='ocrx_word' id='word_1_135' title='bbox 723 1706 750 1729; x_wconf 87' lang='lat'><strong>1.</strong></span> <span class='ocrx_word' id='word_1_136' title='bbox 768 1701 822 1729; x_wconf 82' lang='lat'><strong>14.</strong></span> <span class='ocrx_word' id='word_1_137' title='bbox 840 1696 959 1730; x_wconf 87' lang='lat' dir='ltr'>Senec.</span> <span class='ocrx_word' id='word_1_138' title='bbox 975 1697 1010 1730; x_wconf 88' lang='lat' dir='ltr'>in</span> <span class='ocrx_word' id='word_1_139' title='bbox 1033 1697 1286 1741; x_wconf 84' lang='lat' dir='ltr'>Apocolocynt.</span> 
     </span>
     <span class='ocr_line' id='line_1_23' title="bbox 504 1744 1849 1785; baseline 0.007 -24"><span class='ocrx_word' id='word_1_140' title='bbox 504 1744 1849 1785; x_wconf 25' lang='lat' dir='ltr'>—-—.——.,..-—--lQae--..-.-.—.——-—-v-——----—--—--....q</span> 
     </span>
     <span class='ocr_line' id='line_1_24' title="bbox 19 1782 1857 1835; baseline 0.001 -16"><span class='ocrx_word' id='word_1_141' title='bbox 19 1782 208 1827; x_wconf 73' lang='lat' dir='ltr'>Pompeius</span> <span class='ocrx_word' id='word_1_142' title='bbox 221 1784 378 1828; x_wconf 76' lang='lat' dir='ltr'>Magnus,</span> <span class='ocrx_word' id='word_1_143' title='bbox 465 1784 518 1816; x_wconf 88' lang='lat' dir='ltr'><strong>M.</strong></span> <span class='ocrx_word' id='word_1_144' title='bbox 533 1783 686 1816; x_wconf 86' lang='lat' dir='ltr'>Licinius</span> <span class='ocrx_word' id='word_1_145' title='bbox 772 1783 925 1818; x_wconf 88' lang='lat' dir='ltr'>Licinius</span> <span class='ocrx_word' id='word_1_146' title='bbox 938 1784 1076 1817; x_wconf 81' lang='lat' dir='ltr'>Crassus</span> <span class='ocrx_word' id='word_1_147' title='bbox 1120 1785 1201 1818; x_wconf 90' lang='lat' dir='ltr'>Piso</span> <span class='ocrx_word' id='word_1_148' title='bbox 1214 1784 1316 1827; x_wconf 83' lang='lat' dir='ltr'>Frugi</span> <span class='ocrx_word' id='word_1_149' title='bbox 1327 1784 1538 1835; x_wconf 57' lang='lat' dir='ltr'>Licinianus,</span> <span class='ocrx_word' id='word_1_150' title='bbox 1571 1786 1708 1819; x_wconf 88' lang='lat' dir='ltr'>Licinia</span> <span class='ocrx_word' id='word_1_151' title='bbox 1719 1787 1857 1831; x_wconf 84' lang='lat' dir='ltr'>Magna,</span> 
     </span>
     <span class='ocr_line' id='line_1_25' title="bbox 42 1827 1835 1873; baseline 0.001 -12"><span class='ocrx_word' id='word_1_152' title='bbox 42 1828 185 1862; x_wconf 79' lang='lat' dir='ltr'>Claudio</span> <span class='ocrx_word' id='word_1_153' title='bbox 197 1838 316 1861; x_wconf 79' lang='lat' dir='ltr'>caesus.</span> <span class='ocrx_word' id='word_1_154' title='bbox 513 1827 652 1860; x_wconf 85' lang='lat' dir='ltr'>Crassus</span> <span class='ocrx_word' id='word_1_155' title='bbox 805 1827 1045 1861; x_wconf 86' lang='lat' dir='ltr'>Scribonianus</span> <span class='ocrx_word' id='word_1_156' title='bbox 1061 1836 1065 1839; x_wconf 86' lang='grc'><strong>’</strong></span> <span class='ocrx_word' id='word_1_157' title='bbox 1153 1827 1301 1871; x_wconf 77' lang='lat' dir='ltr'>primum</span> <span class='ocrx_word' id='word_1_158' title='bbox 1314 1827 1336 1860; x_wconf 69' lang='lat' dir='ltr'>a</span> <span class='ocrx_word' id='word_1_159' title='bbox 1347 1828 1486 1870; x_wconf 79' lang='lat' dir='ltr'>Pisone,</span> <span class='ocrx_word' id='word_1_160' title='bbox 1586 1830 1699 1862; x_wconf 86' lang='lat' dir='ltr'>Crassi</span> <span class='ocrx_word' id='word_1_161' title='bbox 1719 1831 1835 1873; x_wconf 85' lang='lat' dir='ltr'>Frugi,</span> 
     </span>
     <span class='ocr_line' id='line_1_26' title="bbox 65 1870 1859 1916; baseline 0.002 -12"><span class='ocrx_word' id='word_1_162' title='bbox 65 1872 105 1904; x_wconf 86' lang='lat' dir='ltr'><strong>·t.</strong></span> <span class='ocrx_word' id='word_1_163' title='bbox 117 1872 212 1905; x_wconf 76' lang='lat' dir='ltr'>Hist.</span> <span class='ocrx_word' id='word_1_164' title='bbox 226 1881 254 1904; x_wconf 86' lang='lat'><strong>1.</strong></span> <span class='ocrx_word' id='word_1_165' title='bbox 269 1877 325 1905; x_wconf 81' lang='lat'><strong>48.</strong></span> <span class='ocrx_word' id='word_1_166' title='bbox 492 1871 609 1903; x_wconf 82' lang='lat' dir='ltr'>consul</span> <span class='ocrx_word' id='word_1_167' title='bbox 621 1879 659 1903; x_wconf 71' lang='lat' dir='ltr'><strong>A.</strong></span> <span class='ocrx_word' id='word_1_168' title='bbox 831 1870 875 1902; x_wconf 80' lang='lat' dir='ltr'>ab</span> <span class='ocrx_word' id='word_1_169' title='bbox 895 1870 1034 1904; x_wconf 89' lang='lat' dir='ltr'>Othone</span> <span class='ocrx_word' id='word_1_170' title='bbox 1186 1871 1312 1904; x_wconf 84' lang='lat' dir='ltr'>deiude</span> <span class='ocrx_word' id='word_1_171' title='bbox 1322 1870 1344 1903; x_wconf 71' lang='lat' dir='ltr'>a</span> <span class='ocrx_word' id='word_1_172' title='bbox 1359 1871 1471 1904; x_wconf 65' lang='lat' dir='ltr'>Galba</span> <span class='ocrx_word' id='word_1_173' title='bbox 1591 1873 1764 1916; x_wconf 84' lang='lat' dir='ltr'>pontificis</span> <span class='ocrx_word' id='word_1_174' title='bbox 1776 1874 1859 1908; x_wconf 83' lang='lat' dir='ltr'>filia.</span> 
     </span>
     <span class='ocr_line' id='line_1_27' title="bbox 79 1914 1836 1961; baseline 0.002 -14"><span class='ocrx_word' id='word_1_175' title='bbox 79 1938 89 1948; x_wconf 94' lang='lat'><strong>.</strong></span> <span class='ocrx_word' id='word_1_176' title='bbox 101 1915 137 1947; x_wconf 86' lang='lat' dir='ltr'>in</span> <span class='ocrx_word' id='word_1_177' title='bbox 149 1914 340 1957; x_wconf 82' lang='lat' dir='ltr'>Apocoloc.</span> <span class='ocrx_word' id='word_1_178' title='bbox 428 1923 463 1947; x_wconf 86' lang='grc' dir='ltr'>υ.</span> <span class='ocrx_word' id='word_1_179' title='bbox 477 1923 509 1947; x_wconf 91' lang='lat' dir='ltr'>c.</span> <span class='ocrx_word' id='word_1_180' title='bbox 524 1922 718 1957; x_wconf 77' lang='lat' dir='ltr'>ncccxvu,</span> <span class='ocrx_word' id='word_1_181' title='bbox 871 1924 988 1946; x_wconf 83' lang='lat' dir='ltr'>caesus.</span> <span class='ocrx_word' id='word_1_182' title='bbox 1208 1915 1406 1958; x_wconf 78' lang='lat' dir='ltr'>adoptatus.</span> <span class='ocrx_word' id='word_1_183' title='bbox 1623 1917 1667 1950; x_wconf 90' lang='lat' dir='ltr'><strong>L.</strong></span> <span class='ocrx_word' id='word_1_184' title='bbox 1687 1917 1836 1961; x_wconf 74' lang='lat' dir='ltr'>Pisonis,</span> 
     </span>
     <span class='ocr_line' id='line_1_28' title="bbox 35 1957 1815 2002; baseline 0.001 -9"><span class='ocrx_word' id='word_1_185' title='bbox 35 1964 75 1993; x_wconf 86' lang='lat' dir='ltr'>et</span> <span class='ocrx_word' id='word_1_186' title='bbox 83 1959 364 2002; x_wconf 79' lang='lat' dir='ltr'>Snpplementum</span> <span class='ocrx_word' id='word_1_187' title='bbox 480 1957 502 1990; x_wconf 76' lang='lat' dir='ltr'>a</span> <span class='ocrx_word' id='word_1_188' title='bbox 514 1958 653 1990; x_wconf 86' lang='lat' dir='ltr'>Nerone</span> <span class='ocrx_word' id='word_1_189' title='bbox 801 1957 913 1990; x_wconf 85' lang='lat' dir='ltr'>Tacit.</span> <span class='ocrx_word' id='word_1_190' title='bbox 927 1957 1020 1991; x_wconf 77' lang='lat' dir='ltr'>Hist.</span> <span class='ocrx_word' id='word_1_191' title='bbox 1149 1957 1194 1991; x_wconf 90' lang='lat' dir='ltr'>ab</span> <span class='ocrx_word' id='word_1_192' title='bbox 1210 1958 1349 1991; x_wconf 77' lang='lat' dir='ltr'>Othone</span> <span class='ocrx_word' id='word_1_193' title='bbox 1360 1967 1479 1991; x_wconf 85' lang='lat' dir='ltr'>caesus.</span> <span class='ocrx_word' id='word_1_194' title='bbox 1628 1959 1815 2002; x_wconf 83' lang='lat' dir='ltr'>pontificis.</span> 
     </span>
     <span class='ocr_line' id='line_1_29' title="bbox 15 2001 1771 2047; baseline 0.001 -12"><span class='ocrx_word' id='word_1_195' title='bbox 15 2002 157 2047; x_wconf 52' lang='lat' dir='ltr'>[Amal.</span> <span class='ocrx_word' id='word_1_196' title='bbox 170 2011 226 2035; x_wconf 76' lang='lat' dir='ltr'>xi.</span> <span class='ocrx_word' id='word_1_197' title='bbox 238 2005 272 2036; x_wconf 79' lang='lat'><strong>5.</strong></span> <span class='ocrx_word' id='word_1_198' title='bbox 511 2010 628 2034; x_wconf 83' lang='lat' dir='ltr'>caesus.</span> <span class='ocrx_word' id='word_1_199' title='bbox 867 2010 896 2033; x_wconf 91' lang='lat'><strong>1.</strong></span> <span class='ocrx_word' id='word_1_200' title='bbox 917 2005 971 2035; x_wconf 83' lang='grc'>47.</span> <span class='ocrx_word' id='word_1_201' title='bbox 1135 2001 1252 2034; x_wconf 77' lang='lat' dir='ltr'>Tacit.</span> <span class='ocrx_word' id='word_1_202' title='bbox 1271 2002 1365 2034; x_wconf 88' lang='lat' dir='ltr'>Hist.</span> <span class='ocrx_word' id='word_1_203' title='bbox 1387 2011 1414 2034; x_wconf 87' lang='lat'><strong>1.</strong></span> <span class='ocrx_word' id='word_1_204' title='bbox 1435 2005 1489 2034; x_wconf 83' lang='lat'><strong>14.</strong></span> <span class='ocrx_word' id='word_1_205' title='bbox 1668 2003 1771 2037; x_wconf 76' lang='lat' dir='ltr'><strong>Uxor.</strong></span> 
     </span>
    </p>
   </div>
   <div class='ocr_carea' id='block_1_5' title="bbox 493 1280 662 1286">
    <p class='ocr_par' dir='ltr' id='par_1_7' title="bbox 493 1280 662 1286">
     <span class='ocr_line' id='line_1_30' title="bbox 493 1280 662 1286; baseline 0 0"><span class='ocrx_word' id='word_1_206' title='bbox 493 1280 662 1286; x_wconf 95' lang='lat' dir='ltr'> </span> 
     </span>
    </p>
   </div>
   <div class='ocr_carea' id='block_1_6' title="bbox 1111 1280 1277 1288">
    <p class='ocr_par' dir='ltr' id='par_1_8' title="bbox 1111 1280 1277 1288">
     <span class='ocr_line' id='line_1_31' title="bbox 1111 1280 1277 1288; baseline 0 1910"><span class='ocrx_word' id='word_1_207' title='bbox 1111 1280 1277 1288; x_wconf 95' lang='lat' dir='ltr'> </span> 
     </span>
    </p>
   </div>
   <div class='ocr_carea' id='block_1_7' title="bbox 224 1391 230 1413">
    <p class='ocr_par' dir='ltr' id='par_1_9' title="bbox 224 1391 230 1413">
     <span class='ocr_line' id='line_1_32' title="bbox 224 1391 230 1413; baseline 0 0"><span class='ocrx_word' id='word_1_208' title='bbox 224 1391 230 1413; x_wconf 66' lang='grc' dir='ltr'>ἑ</span> 
     </span>
    </p>
   </div>
   <div class='ocr_carea' id='block_1_8' title="bbox 523 1409 694 1416">
    <p class='ocr_par' dir='ltr' id='par_1_10' title="bbox 523 1409 694 1416">
     <span class='ocr_line' id='line_1_33' title="bbox 523 1409 694 1416; baseline 0 0"><span class='ocrx_word' id='word_1_209' title='bbox 523 1409 694 1416; x_wconf 95' lang='lat' dir='ltr'> </span> 
     </span>
    </p>
   </div>
   <div class='ocr_carea' id='block_1_9' title="bbox 911 1411 1082 1418">
    <p class='ocr_par' dir='ltr' id='par_1_11' title="bbox 911 1411 1082 1418">
     <span class='ocr_line' id='line_1_34' title="bbox 911 1411 1082 1418; baseline 0 1780"><span class='ocrx_word' id='word_1_210' title='bbox 911 1411 1082 1418; x_wconf 95' lang='lat' dir='ltr'> </span> 
     </span>
    </p>
   </div>
   <div class='ocr_carea' id='block_1_10' title="bbox 1085 1411 1252 1418">
    <p class='ocr_par' dir='ltr' id='par_1_12' title="bbox 1085 1411 1252 1418">
     <span class='ocr_line' id='line_1_35' title="bbox 1085 1411 1252 1418; baseline 0 1780"><span class='ocrx_word' id='word_1_211' title='bbox 1085 1411 1252 1418; x_wconf 95' lang='lat' dir='ltr'> </span> 
     </span>
    </p>
   </div>
   <div class='ocr_carea' id='block_1_11' title="bbox 0 1670 76 2240">
    <p class='ocr_par' dir='ltr' id='par_1_13' title="bbox 0 1670 76 2240">
     <span class='ocr_line' id='line_1_36' title="bbox 0 1670 76 1851; baseline 0 -92"><span class='ocrx_word' id='word_1_212' title='bbox 0 1670 76 1851; x_wconf 95' lang='lat' dir='ltr'>  </span> 
     </span>
     <span class='ocr_line' id='line_1_37' title="bbox 0 1851 76 2023; baseline 0 -85"><span class='ocrx_word' id='word_1_213' title='bbox 0 1851 76 2023; x_wconf 95' lang='lat' dir='ltr'>    </span> 
     </span>
     <span class='ocr_line' id='line_1_38' title="bbox 0 2023 42 2240; baseline 0 -69"><span class='ocrx_word' id='word_1_214' title='bbox 0 2023 42 2240; x_wconf 95' lang='lat' dir='ltr'>    </span> 
     </span>
    </p>
   </div>
   <div class='ocr_carea' id='block_1_12' title="bbox 16 2039 1817 2263">
    <p class='ocr_par' dir='ltr' id='par_1_14' title="bbox 16 2039 1817 2263">
     <span class='ocr_line' id='line_1_39' title="bbox 16 2039 1794 2089; baseline 0.003 -14"><span class='ocrx_word' id='word_1_215' title='bbox 16 2071 18 2075; x_wconf 79' lang='grc'>,</span> <span class='ocrx_word' id='word_1_216' title='bbox 102 2046 194 2079; x_wconf 71' lang='lat' dir='ltr'>Uxor</span> <span class='ocrx_word' id='word_1_217' title='bbox 398 2043 512 2078; x_wconf 86' lang='lat' dir='ltr'>Tacit.</span> <span class='ocrx_word' id='word_1_218' title='bbox 524 2039 627 2086; x_wconf 71' lang='lat' dir='ltr'>Hist.&#39;</span> <span class='ocrx_word' id='word_1_219' title='bbox 637 2053 665 2085; x_wconf 64' lang='lat'><strong>1.</strong></span> <span class='ocrx_word' id='word_1_220' title='bbox 683 2048 739 2079; x_wconf 84' lang='lat'><strong>48.</strong></span> <span class='ocrx_word' id='word_1_221' title='bbox 1175 2048 1212 2076; x_wconf 87' lang='lat' dir='ltr'>et</span> <span class='ocrx_word' id='word_1_222' title='bbox 1227 2049 1281 2077; x_wconf 81' lang='lat'><strong>48.</strong></span> <span class='ocrx_word' id='word_1_223' title='bbox 1304 2045 1444 2077; x_wconf 85' lang='lat' dir='ltr'>Sueton.</span> <span class='ocrx_word' id='word_1_224' title='bbox 1629 2045 1794 2089; x_wconf 85' lang='lat' dir='ltr'>Inscript.</span> 
     </span>
     <span class='ocr_line' id='line_1_40' title="bbox 51 2085 1817 2131; baseline 0.001 -10"><span class='ocrx_word' id='word_1_225' title='bbox 51 2087 222 2122; x_wconf 77' lang='lat' dir='ltr'>Antonia.</span> <span class='ocrx_word' id='word_1_226' title='bbox 660 2085 663 2089; x_wconf 83' lang='lat'>&#39;</span> <span class='ocrx_word' id='word_1_227' title='bbox 1154 2087 1191 2120; x_wconf 89' lang='lat' dir='ltr'>in</span> <span class='ocrx_word' id='word_1_228' title='bbox 1207 2087 1330 2129; x_wconf 70' lang='lat' dir='ltr'>Galba,</span> <span class='ocrx_word' id='word_1_229' title='bbox 1347 2097 1448 2121; x_wconf 86' lang='lat' dir='ltr'><strong>xvn.</strong></span> <span class='ocrx_word' id='word_1_230' title='bbox 1589 2089 1679 2131; x_wconf 73' lang='lat' dir='ltr'>apud</span> <span class='ocrx_word' id='word_1_231' title='bbox 1692 2089 1817 2123; x_wconf 87' lang='lat' dir='ltr'>Grute-</span> 
     </span>
     <span class='ocr_line' id='line_1_41' title="bbox 27 2130 1815 2177; baseline 0.001 -11"><span class='ocrx_word' id='word_1_232' title='bbox 27 2130 44 2169; x_wconf 58' lang='lat'>‘,</span> <span class='ocrx_word' id='word_1_233' title='bbox 62 2155 72 2166; x_wconf 87' lang='lat'><strong>.</strong></span> <span class='ocrx_word' id='word_1_234' title='bbox 94 2141 151 2166; x_wconf 64' lang='lat' dir='ltr'>nx.</span> <span class='ocrx_word' id='word_1_235' title='bbox 169 2142 205 2174; x_wconf 87' lang='lat' dir='ltr'><strong>p.</strong></span> <span class='ocrx_word' id='word_1_236' title='bbox 225 2135 299 2165; x_wconf 85' lang='lat'><strong>668.</strong></span> <span class='ocrx_word' id='word_1_237' title='bbox 1259 2132 1351 2164; x_wconf 80' lang='lat' dir='ltr'>Uxor</span> <span class='ocrx_word' id='word_1_238' title='bbox 1593 2141 1681 2177; x_wconf 72' lang='lat' dir='ltr'>rum,</span> <span class='ocrx_word' id='word_1_239' title='bbox 1691 2143 1725 2175; x_wconf 90' lang='lat' dir='ltr'><strong>p.</strong></span> <span class='ocrx_word' id='word_1_240' title='bbox 1738 2137 1815 2174; x_wconf 78' lang='lat'>306,</span> 
     </span>
     <span class='ocr_line' id='line_1_42' title="bbox 23 2174 1796 2217; baseline -0.001 -9"><span class='ocrx_word' id='word_1_241' title='bbox 23 2215 25 2217; x_wconf 25' lang='grc' dir='ltr'>Ι</span> <span class='ocrx_word' id='word_1_242' title='bbox 57 2179 95 2210; x_wconf 83' lang='lat' dir='ltr'>et</span> <span class='ocrx_word' id='word_1_243' title='bbox 116 2176 223 2208; x_wconf 72' lang='lat' dir='ltr'>Steni:</span> <span class='ocrx_word' id='word_1_244' title='bbox 240 2175 330 2212; x_wconf 77' lang='lat' dir='ltr'>Caes.</span> <span class='ocrx_word' id='word_1_245' title='bbox 1219 2174 1378 2207; x_wconf 83' lang='lat' dir='ltr'>Verania.</span> <span class='ocrx_word' id='word_1_246' title='bbox 1662 2186 1753 2209; x_wconf 88' lang='lat' dir='ltr'>num.</span> <span class='ocrx_word' id='word_1_247' title='bbox 1767 2186 1796 2217; x_wconf 66' lang='grc' dir='ltr'>ι,</span> 
     </span>
     <span class='ocr_line' id='line_1_43' title="bbox 16 2216 1468 2263; baseline -0.001 -9"><span class='ocrx_word' id='word_1_248' title='bbox 16 2221 17 2226; x_wconf 76' lang='grc'>’</span> <span class='ocrx_word' id='word_1_249' title='bbox 63 2243 74 2255; x_wconf 91' lang='grc'><strong>.</strong></span> <span class='ocrx_word' id='word_1_250' title='bbox 89 2221 153 2254; x_wconf 88' lang='grc'>105</span> <span class='ocrx_word' id='word_1_251' title='bbox 165 2223 202 2252; x_wconf 87' lang='lat' dir='ltr'>et</span> <span class='ocrx_word' id='word_1_252' title='bbox 213 2222 290 2256; x_wconf 83' lang='grc'>106.</span> <span class='ocrx_word' id='word_1_253' title='bbox 1122 2216 1238 2261; x_wconf 77' lang='lat' dir='ltr'>Tacit.</span> <span class='ocrx_word' id='word_1_254' title='bbox 1262 2218 1355 2250; x_wconf 89' lang='lat' dir='ltr'>Hist.</span> <span class='ocrx_word' id='word_1_255' title='bbox 1367 2227 1395 2250; x_wconf 88' lang='lat'><strong>1.</strong></span> <span class='ocrx_word' id='word_1_256' title='bbox 1413 2220 1468 2263; x_wconf 72' lang='grc'>47.</span> 
     </span>
    </p>
   </div>
   <div class='ocr_carea' id='block_1_13' title="bbox 1056 2263 1529 2304">
    <p class='ocr_par' dir='ltr' id='par_1_15' title="bbox 1056 2263 1529 2304">
     <span class='ocr_line' id='line_1_44' title="bbox 1056 2263 1529 2304; baseline -0.004 0"><span class='ocrx_word' id='word_1_257' title='bbox 1056 2263 1529 2304; x_wconf 36' lang='grc' dir='ltr'>Γ--ὼ-Ἷ</span> 
     </span>
    </p>
   </div>
   <div class='ocr_carea' id='block_1_14' title="bbox 1079 2303 1513 2388">
    <p class='ocr_par' dir='ltr' id='par_1_16' title="bbox 1079 2303 1513 2388">
     <span class='ocr_line' id='line_1_45' title="bbox 1079 2303 1513 2346; baseline -0.005 -9"><span class='ocrx_word' id='word_1_258' title='bbox 1079 2304 1279 2346; x_wconf 72' lang='lat' dir='ltr'>Calpurnius</span> <span class='ocrx_word' id='word_1_259' title='bbox 1302 2303 1513 2345; x_wconf 75' lang='lat' dir='ltr'>Galerianus.¹</span> 
     </span>
     <span class='ocr_line' id='line_1_46' title="bbox 1107 2347 1469 2388; baseline -0.003 -7"><span class='ocrx_word' id='word_1_260' title='bbox 1107 2347 1222 2381; x_wconf 82' lang='lat' dir='ltr'>Tacit.</span> <span class='ocrx_word' id='word_1_261' title='bbox 1239 2347 1331 2380; x_wconf 76' lang='lat' dir='ltr'>nist.</span> <span class='ocrx_word' id='word_1_262' title='bbox 1345 2357 1396 2381; x_wconf 75' lang='grc' dir='ltr'>ιν.</span> <span class='ocrx_word' id='word_1_263' title='bbox 1413 2351 1469 2388; x_wconf 64' lang='grc'>11,</span> 
     </span>
    </p>
   </div>
   <div class='ocr_carea' id='block_1_15' title="bbox 124 2479 1681 2701">
    <p class='ocr_par' dir='ltr' id='par_1_17' title="bbox 124 2479 1681 2701">
     <span class='ocr_line' id='line_1_47' title="bbox 129 2479 1665 2548; baseline -0.001 -9"><span class='ocrx_word' id='word_1_264' title='bbox 129 2479 345 2539; x_wconf 79' lang='lat' dir='ltr'>scribonia</span> <span class='ocrx_word' id='word_1_265' title='bbox 363 2502 515 2547; x_wconf 83' lang='lat' dir='ltr'>autem,</span> <span class='ocrx_word' id='word_1_266' title='bbox 535 2500 666 2535; x_wconf 85' lang='lat' dir='ltr'>mater</span> <span class='ocrx_word' id='word_1_267' title='bbox 687 2492 865 2546; x_wconf 89' lang='lat' dir='ltr'>Pisonis,</span> <span class='ocrx_word' id='word_1_268' title='bbox 894 2493 1028 2535; x_wconf 85' lang='lat' dir='ltr'>adhuc</span> <span class='ocrx_word' id='word_1_269' title='bbox 1054 2491 1255 2535; x_wconf 90' lang='lat' dir='ltr'>nobilior:</span> <span class='ocrx_word' id='word_1_270' title='bbox 1287 2499 1449 2548; x_wconf 85' lang='lat' dir='ltr'>poterat</span> <span class='ocrx_word' id='word_1_271' title='bbox 1467 2492 1591 2546; x_wconf 86' lang='lat' dir='ltr'>euim,</span> <span class='ocrx_word' id='word_1_272' title='bbox 1616 2501 1665 2537; x_wconf 85' lang='lat' dir='ltr'>ut</span> 
     </span>
     <span class='ocr_line' id='line_1_48' title="bbox 131 2559 1681 2624; baseline -0.001 -11"><span class='ocrx_word' id='word_1_273' title='bbox 131 2570 243 2613; x_wconf 90' lang='lat' dir='ltr'>Libo</span> <span class='ocrx_word' id='word_1_274' title='bbox 264 2569 443 2621; x_wconf 91' lang='lat' dir='ltr'>Drusus,</span> <span class='ocrx_word' id='word_1_275' title='bbox 463 2569 485 2611; x_wconf 81' lang='grc' dir='ltr'>ὲ</span> <span class='ocrx_word' id='word_1_276' title='bbox 506 2567 664 2610; x_wconf 70' lang='lat' dir='ltr'>familia</span> <span class='ocrx_word' id='word_1_277' title='bbox 685 2567 1012 2620; x_wconf 88' lang='lat' dir='ltr'>Scriboniorum,</span> <span class='ocrx_word' id='word_1_278' title='bbox 1033 2559 1083 2609; x_wconf 66' lang='lat' dir='ltr'>(le</span> <span class='ocrx_word' id='word_1_279' title='bbox 1104 2583 1188 2624; x_wconf 90' lang='lat' dir='ltr'>quo</span> <span class='ocrx_word' id='word_1_280' title='bbox 1205 2583 1328 2624; x_wconf 86' lang='lat' dir='ltr'>supra</span> <span class='ocrx_word' id='word_1_281' title='bbox 1346 2568 1496 2611; x_wconf 84' lang='lat' dir='ltr'>Annal.</span> <span class='ocrx_word' id='word_1_282' title='bbox 1516 2583 1571 2612; x_wconf 89' lang='lat'><strong>11.</strong></span> <span class='ocrx_word' id='word_1_283' title='bbox 1593 2561 1681 2616; x_wconf 29' lang='lat'><strong>27.-</strong></span> 
     </span>
     <span class='ocr_line' id='line_1_49' title="bbox 124 2642 1667 2701; baseline -0.001 -15"><span class='ocrx_word' id='word_1_284' title='bbox 124 2647 156 2670; x_wconf 85' lang='lat'><strong>“</strong></span> <span class='ocrx_word' id='word_1_285' title='bbox 188 2659 390 2701; x_wconf 88' lang='lat' dir='ltr'>proavum</span> <span class='ocrx_word' id='word_1_286' title='bbox 422 2642 689 2698; x_wconf 88' lang='lat' dir='ltr'>Pompeium,</span> <span class='ocrx_word' id='word_1_287' title='bbox 721 2642 889 2684; x_wconf 85' lang='lat' dir='ltr'>amitam</span> <span class='ocrx_word' id='word_1_288' title='bbox 918 2642 1191 2695; x_wconf 86' lang='lat' dir='ltr'>Scriboniam,</span> <span class='ocrx_word' id='word_1_289' title='bbox 1222 2642 1402 2698; x_wconf 82' lang='lat' dir='ltr'>Augusti</span> <span class='ocrx_word' id='word_1_290' title='bbox 1430 2643 1667 2701; x_wconf 81' lang='lat' dir='ltr'>conjugem,</span> 
     </span>
    </p>
   </div>
   <div class='ocr_carea' id='block_1_16' title="bbox 11 2687 26 2734">
    <p class='ocr_par' dir='ltr' id='par_1_18' title="bbox 11 2687 26 2734">
     <span class='ocr_line' id='line_1_50' title="bbox 11 2687 26 2734; baseline 0 0"><span class='ocrx_word' id='word_1_291' title='bbox 11 2687 26 2734; x_wconf 63' lang='lat' dir='ltr'>2v</span> 
     </span>
    </p>
   </div>
   <div class='ocr_carea' id='block_1_17' title="bbox 129 2715 1669 2858">
    <p class='ocr_par' dir='ltr' id='par_1_19' title="bbox 129 2715 1669 2858">
     <span class='ocr_line' id='line_1_51' title="bbox 129 2715 1668 2772; baseline 0 -12"><span class='ocrx_word' id='word_1_292' title='bbox 129 2718 398 2761; x_wconf 88' lang='lat' dir='ltr'>consobrinos</span> <span class='ocrx_word' id='word_1_293' title='bbox 433 2716 630 2768; x_wconf 81' lang='lat' dir='ltr'>Caesares,</span> <span class='ocrx_word' id='word_1_294' title='bbox 664 2723 706 2760; x_wconf 87' lang='lat' dir='ltr'>et</span> <span class='ocrx_word' id='word_1_295' title='bbox 743 2715 907 2772; x_wconf 87' lang='lat' dir='ltr'>plenam</span> <span class='ocrx_word' id='word_1_296' title='bbox 947 2716 1188 2772; x_wconf 89' lang='lat' dir='ltr'>imaginibus</span> <span class='ocrx_word' id='word_1_297' title='bbox 1221 2716 1392 2759; x_wconf 91' lang='lat' dir='ltr'>domum</span> <span class='ocrx_word' id='word_1_298' title='bbox 1425 2718 1668 2760; x_wconf 57' lang='lat' dir='ltr'>ostentare?</span> 
     </span>
     <span class='ocr_line' id='line_1_52' title="bbox 132 2789 1669 2858; baseline -0.001 -22"><span class='ocrx_word' id='word_1_299' title='bbox 132 2791 240 2840; x_wconf 86' lang='lat' dir='ltr'>Quae</span> <span class='ocrx_word' id='word_1_300' title='bbox 277 2800 416 2836; x_wconf 85' lang='lat' dir='ltr'>autem</span> <span class='ocrx_word' id='word_1_301' title='bbox 455 2790 717 2858; x_wconf 82' lang='lat' dir='ltr'>Plutarchus,</span> <span class='ocrx_word' id='word_1_302' title='bbox 753 2790 796 2836; x_wconf 88' lang='lat' dir='ltr'>in</span> <span class='ocrx_word' id='word_1_303' title='bbox 833 2789 989 2844; x_wconf 67' lang='lat' dir='ltr'>Galba,</span> <span class='ocrx_word' id='word_1_304' title='bbox 1026 2806 1069 2847; x_wconf 84' lang='lat' dir='ltr'><strong>p.</strong></span> <span class='ocrx_word' id='word_1_305' title='bbox 1112 2791 1206 2834; x_wconf 79' lang='lat'><strong>163.</strong></span> <span class='ocrx_word' id='word_1_306' title='bbox 1251 2791 1379 2836; x_wconf 83' lang='lat' dir='ltr'>habet</span> <span class='ocrx_word' id='word_1_307' title='bbox 1415 2793 1467 2842; x_wconf 83' lang='lat' dir='ltr'>de</span> <span class='ocrx_word' id='word_1_308' title='bbox 1506 2791 1669 2842; x_wconf 82' lang='lat' dir='ltr'>Pisonis</span> 
     </span>
    </p>
   </div>
  </div>
 </body>
</html>
