1786 3204
60 196 103 238 J.
119 195 168 236 C.
185 191 253 240 69.

62 298 402 349 adfectaverat:
438 296 486 343 in
507 294 686 353 itinere,
720 292 768 339 in
807 290 1025 358 agmine,¹
1061 289 1110 338 in
1145 287 1430 348 Stationibus,
1463 300 1615 337 vetus-

63 377 292 426 tissimum
326 366 561 438 quemque
600 371 798 419 militum
843 368 1031 416 nomine
1069 383 1256 426 vocans,
1295 383 1348 415 ac
1388 366 1616 415 memoria

63 453 318 503 Neroniani
342 449 605 511 comitatus,
638 446 985 497 contubernales
1000 444 1303 509 appellando:
1340 444 1452 492 alios
1473 462 1616 510 agno-

62 547 211 591 scere,
232 531 462 596 quosdam
495 527 749 592 requirere,
788 536 835 573 et
873 519 1087 588 pecunia,
1120 534 1198 570 aut
1226 522 1390 588 gratia,
1418 524 1612 588 juvare:

63 608 308 658 inserendo
331 607 502 672 saepius
525 605 752 671 querelas,
776 615 822 651 et
838 602 1080 667 ambiguos
1102 601 1161 649 de
1181 600 1336 649 Galba
1359 617 1614 659 sermones,

62 704 263 752 quaeque
301 686 387 733 alia
421 686 710 732 turbamenta
742 681 886 746 vulgi.
954 681 1159 728 Labores
1191 679 1425 738 itinerum,
1459 679 1613 743 inopia

57 776 425 820 commeatuum,
460 761 625 810 duritia
645 760 842 824 imperii,
865 758 1069 806 atrocius
1091 756 1458 820 accipiebantur:
1496 758 1610 805 cum

65 840 333 905 Campaniae
372 841 498 888 lacus
533 850 579 887 et
618 837 809 886 Achaiae
845 837 983 884 urbes
1030 835 1247 883 classibus
1285 834 1411 883 adire
1455 835 1613 894 soliti,²

63 917 344 978 Pirenaeum,
380 929 425 966 et
448 917 612 981 Alpes,
649 927 694 963 et
728 914 951 962 immensa
973 912 1152 960 viarum
1182 912 1339 976 spatia,
1373 912 1499 978 aegre
1523 913 1611 961 sub

62 996 203 1045 armis
226 997 520 1045 eniterentur.

421 184 808 230 HISTORIARUM
839 180 999 224 LIBER
1022 182 1252 225 PRIMUS.
1560 188 1616 233 29

132 1161 211 1201 24.
245 1153 667 1200 FLAGRANTmUs
709 1150 805 1215 jam
851 1147 1049 1196 militum
1087 1146 1265 1206 animis,
1316 1146 1442 1195 velut
1487 1145 1610 1195 faces

64 1229 304 1278 addiderat
347 1229 547 1278 Maevius
582 1230 785 1287 Pudens,
820 1227 846 1276 ὲ
883 1225 1106 1292 proximis
1141 1224 1386 1291 Tigellini:
1436 1224 1474 1273 is
1512 1242 1611 1273 mo-

64 1307 337 1362 bilissimum
370 1325 604 1372 quemque
639 1306 843 1373 ingenio,
875 1317 955 1353 aut
989 1303 1198 1369 pecuniae
1226 1303 1455 1369 indigum,
1489 1315 1533 1351 et
1565 1303 1614 1352 in

64 1401 208 1434 novas
244 1384 511 1450 cupiditates
546 1385 829 1450 praecipitem
858 1383 1118 1442 alliciendo,
1151 1382 1210 1430 eo
1247 1380 1466 1446 paulatim
1504 1397 1611 1446 pro-

64 1474 356 1528 graesus‘est,
391 1474 460 1522 ut,
494 1480 578 1527 per
599 1463 798 1527 speciem
822 1460 1049 1520 convivii‚³
1074 1459 1286 1525 quotiens
1310 1459 1464 1507 Galba
1485 1460 1610 1524 apud

64 1540 308 1589 Othonem
338 1541 618 1604 epularetur,
655 1539 834 1588 cohorti
862 1538 1079 1587 excubias
1111 1537 1281 1603 agenti,
1316 1536 1483 1585 viritim
1506 1553 1612 1585 cen-

66 1629 199 1666 tenos
233 1634 452 1666 nummos
467 1621 485 1647 ⁴
520 1617 770 1667 divideret:
813 1634 954 1682 quam
988 1616 1116 1664 velut
1150 1615 1383 1679 publicam
1417 1609 1616 1681 largitio-

64 1698 210 1754 nem,⁵
248 1695 397 1754 Otho,
429 1696 749 1744 secretioribus
771 1697 894 1760 apud
918 1695 1124 1760 singulos
1156 1693 1374 1759 praemiis,
1407 1693 1613 1746 intende-

63 1773 171 1821 bat:
206 1773 325 1821 adeo
350 1773 580 1822 animosus
610 1785 874 1838 corruptor,
907 1784 959 1821 ut
987 1771 1187 1822 Cocceio
1208 1771 1429 1830 Proculo,
1451 1788 1612 1836 specu-

67 1846 236 1910 latori,⁶
268 1851 329 1899 de
350 1863 480 1916 parte
510 1851 674 1900 finium
710 1869 820 1901 cum
852 1851 1003 1900 vicino
1039 1850 1305 1917 ambigenti,
1345 1849 1611 1898 universum

874 2035 1038 2074 Videtur
1057 2040 1183 2073 tamen
1197 2033 1376 2072 Tacitum
1395 2028 1461 2072 hic
1479 2040 1609 2072 rotun-

874 2092 923 2128 do
941 2102 1100 2128 numero
1119 2090 1190 2127 uti.
1246 2089 1372 2127 Aliter
1393 2089 1493 2126 enim
1514 2090 1609 2127 Sue-

874 2144 998 2182 tonius
1021 2164 1025 2166 -
1042 2144 1081 2181 in
1127 2143 1293 2190 Othone,
1347 2155 1407 2181 1v.
1486 2143 1610 2181 Nullo

123 2027 137 2045 ¹
168 2029 218 2067 In
237 2031 394 2082 agmine.
436 2032 531 2071 Haec
563 2036 708 2086 respuit
743 2035 804 2074 Cl.

70 2082 262 2130 Ernestus,
274 2086 378 2135 qudd
395 2087 526 2124 eadem
541 2089 576 2125 ci
593 2089 803 2137 videantur,

67 2149 115 2174 ac
144 2138 183 2175 in
210 2138 358 2176 itinere.
415 2140 560 2179 Verum
596 2143 689 2181 bene
722 2144 803 2182 Da-

67 2192 230 2239 vanzafi,
258 2193 296 2230 in
315 2194 504 2242 cummim),
533 2195 571 2233 in
587 2197 808 2245 ontinenam,

67 2259 106 2282 m
121 2246 411 2339 §Zdi'ItZ-soliti.
441 2302 596 2342 Nerone
614 2303 803 2355 Principe.

120 2349 137 2371 ³
156 2353 234 2391 Per
250 2355 402 2405 speciem
419 2358 591 2396 convivii.
620 2357 723 2397 Bene
738 2373 806 2411 per

63 2407 232 2456 speciem
264 2410 450 2455 convivii3
489 2423 624 2463 nempe
655 2422 806 2462 sportu-

68 2458 193 2498 larum
215 2461 317 2500 loco.
373 2463 566 2514 Sportulae
593 2466 706 2514 enim,
736 2480 802 2505 seu

67 2513 160 2558 cibi,
182 2515 394 2555 dabantur:
424 2530 556 2556 eorum
583 2518 669 2558 loco
694 2533 805 2558 num-

68 2579 151 2606 mos
187 2570 303 2607 dabat
334 2570 454 2609 Orno.
512 2572 577 2610 Sic
608 2573 805 2612 Marmora

68 2620 320 2670 Pisaurensia,
340 2637 378 2675 p.
397 2629 462 2663 20.
481 2636 519 2664 n.
540 2630 606 2664 44.
635 2627 804 2665 SPOR·

66 2674 148 2713 TU
165 2675 310 2714 LA&
356 2679 392 2716 D
410 2678 598 2718 ECUR.
654 2679 705 2718 X.
753 2681 803 2719 V.

48 2728 281 2776 ‘ITEMQ
313 2731 655 2772 CO'LLEGIIS.
676 2733 728 2772 X.
750 2728 801 2772 11.

70 2782 300 2823 PLEBEI.
337 2785 389 2824 X.
428 2787 459 2824 Ι.
514 2786 560 2830 Id
587 2794 654 2834 est,
687 2788 811 2839 Spor«

69 2836 169 2874 tulus
186 2837 455 2885 decurionibus,
468 2839 640 2879 denarios
659 2843 802 2893 quinos.

54 2887 98 2937 ᾗΙ
97 2894 239 2940 temque
279 2892 447 2944 collegiis
485 2895 658 2933 denarios
685 2895 802 2943 binos,

51 2943 165 2997 'plebi
182 2943 372 2983 denarium
390 2960 513 2986 unum.

111 2994 130 3016 ⁴
144 2995 324 3037 centenos
335 3013 507 3040 nummos.
522 3002 641 3054 Angl.
653 3000 805 3044 16s.8d.

873 2198 983 2246 officii
1006 2204 1073 2236 aut
1091 2198 1301 2236 ambitionis
1328 2197 1367 2236 in
1397 2210 1609 2247 quemquam

871 2266 1007 2303 genere
1027 2252 1170 2297 omisso,
1199 2251 1341 2301 quoties
1367 2249 1467 2289 c'oend
1496 2251 1611 2289 Prin·

873 2307 986 2356 cipem
1017 2306 1215 2356 acciperet,
1253 2318 1385 2343 aurcos
1415 2305 1611 2346 excubanti

872 2359 1019 2398 cohorti
1047 2359 1191 2398 viritim
1222 2359 1424 2397 dividebat.
1489 2358 1608 2397 Porro

871 2426 1024 2460 aureus,
1057 2413 1236 2464 Principe
1258 2413 1426 2460 Nerone,
1457 2408 1609 2452 valeba't

872 2468 991 2518 Angl;
1018 2467 1067 2505 ll.
1124 2467 1237 2504 Forte
1265 2474 1391 2505 tamen
1418 2468 1501 2517 ejus
1528 2480 1611 2518 pre·
1668 2481 1675 2487 ²

871 2521 970 2559 tium
1007 2521 1253 2558 imminuerat
1280 2521 1422 2559 Galba.
1478 2521 1533 2559 Ut
1566 2530 1610 2561 u't

870 2582 939 2622 est,
980 2575 1072 2613 cum
1103 2582 1279 2619 centenos
1311 2574 1395 2614 illos
1432 2577 1609 2615 nummo's

854 2629 982 2667 -Otho
1003 2630 1109 2666 daret
1137 2629 1298 2674 cohorti,
1326 2629 1475 2679 quoties
1502 2630 1607 2680 apud

872 2695 961 2720 eum
982 2683 1112 2721 Galba
1129 2683 1375 2734 epulabatur,
1400 2686 1437 2720 in
1460 2683 1517 2720 his
1536 2683 1611 2734 lar-

872 2736 1080 2827 gigionibus
1099 2738 1339 2788 expendebat
1362 2736 1481 2788 Angl.
1501 2738 1607 2782 795l.
1664 2759 1669 2762 »

879 2795 896 2828 1
920 2787 958 2827 ’3.
980 2791 1043 2829 8d.
1550 2799 1552 2801 '
1594 2797 1600 2802 “

927 2841 941 2863 ⁵
960 2843 1154 2882 publicam
1173 2843 1423 2896 largitionem.
1446 2846 1506 2883 Ac
1526 2857 1612 2896 pro-

874 2897 961 2935 inde
980 2898 1178 2936 minorem.

927 2945 945 2968 ⁶
964 2951 1213 3002 Speculatori.
1231 2952 1512 3004 Speculatores,
1531 2952 1614 2990 lan—

874 3005 950 3044 ceis
995 3012 1033 3043 et
1067 3006 1202 3056 gladiis
1234 3008 1386 3054 armati,
1420 3007 1611 3045 sumendis
