1786 3204
352 142 743 187 HISTORIARUM
771 140 936 180 LIBER
964 140 1271 182 SECUNDUS.

36 154 77 196 J.
93 153 142 193 c.
160 147 228 198 69.
1510 151 1584 187 101

36 256 195 320 ebque
237 249 449 318 pluribus
493 248 651 298 vivere
689 262 800 296 eum
843 245 1143 312 fingentibus,
1181 246 1584 316 credentibusque.

41 336 324 385 Ceterorum
352 345 486 379 casus
500 329 515 351 ¹
545 336 831 390 conatusque
862 323 912 372 in
934 335 1159 374 contextu
1186 325 1341 390 operis
1362 326 1586 378 dicemus,

38 413 178 462 Tunc
200 425 362 461 servus
383 406 412 456 ὲ
441 407 612 465 Ponte,
644 404 757 462 sive,
791 413 857 452 ut-
873 401 949 450 alii
979 401 1227 463 tradidere,
1261 402 1502 454 libertinus
1522 423 1586 455 ex

39 487 189 548 Italia,
221 486 409 538 citharae
441 494 490 534 et
521 480 687 533 cantfis
708 480 883 546 peritus
914 480 1068 545 (unde
1092 479 1176 540 illi,
1210 498 1351 546 super
1377 481 1587 532 similitu-

41 567 200 616 dinem
236 564 349 623 oriS,
382 561 574 628 propior
605 560 665 609 ad
703 558 961 608 fallendum
995 557 1136 620 fides)
1175 558 1401 624 adjunctis
1433 561 1588 611 deser*

41 644 236 703 toribus,
257 658 378 707 quos
398 638 554 705 inopia
579 655 723 704 vagos
751 637 1015 703 ingentibus
1035 636 1270 702 promissis
1299 651 1588 703 corruperat,

40 730 173 772 mare
212 717 500 787 ingreditur:
545 733 599 766 ac
642 716 690 764 vi
722 726 1048 780 tempestatum
1083 715 1326 779 Cythnum
1357 715 1557 764 insulam
1571 720 1590 740 ²·

42 800 276 858 detrusus,
306 808 353 846 et
382 795 581 844 militum
614 793 842 859 quosdam
875 810 936 841 ex
971 791 1168 841 Oriente
1198 794 1558 842 commeantium
1573 797 1588 823 ³

42 876 248 937 adscivit,
278 875 353 924 vel
388 875 641 939 abnuenth
671 870 868 920 interfici
899 869 1050 936 jussit,
1084 881 1130 918 et
1163 870 1364 933 spoliatis
1386 872 1590 937 negotia-

42 955 240 1013 toribus,
294 951 631 1016 mancipiorum
674 948 1036 997 valentissimum
1090 964 1326 1011 quemque
1361 950 1588 1000 armavit.

43 1031 473 1095 centurionemque
517 1028 776 1088 Sisennam,
821 1028 1026 1085 dextram,
1062 1026 1324 1075 concordiae
1359 1026 1591 1091 insignia,⁴

44 1108 221 1177 Syriaci
254 1106 489 1171 exercitus
523 1105 712 1155 nomine
744 1105 805 1153 ad
838 1102 1139 1169 praetorianos
1173 1102 1420 1162 ferentem,
1454 1104 1590 1153 variis

44 1187 220 1238 artibus
251 1187 496 1252 adgressus
518 1195 617 1234 est:
654 1185 804 1232 donec
832 1182 1043 1241 Sisenna,
1073 1181 1193 1229 clam
1227 1180 1387 1229 relicta
1420 1180 1591 1241 insula,

44 1265 253 1331 trepidus
275 1275 331 1313 et-
341 1263 438 1312 vim
459 1273 679 1312 metuens*
692 1259 966 1326 aufugeret:
1003 1259 1110 1307 inde
1128 1257 1218 1307 late
1241 1269 1409 1318 terror,
1433 1259 1592 1308 multis

45 1344 106 1395 ad
129 1341 440 1394 celebritatem
468 1339 669 1390 nominis
698 1337 878 1398 erectiS,
911 1353 1071 1385 rerum
1099 1352 1328 1386 novarum
1356 1336 1592 1401 cupidine,

39 1419 94 1475 >et
114 1421 224 1472 odio
245 1417 558 1490 praesentium.

108 1568 164 1629 9.
199 1578 560 1626 amcam-m
583 1572 633 1622 in
655 1571 753 1621 dies
772 1569 946 1620 famam
972 1569 1070 1619 fors
1099 1568 1321 1619 discussit.
1358 1569 1591 1619 Galatiam

46 1672 104 1706 ac
131 1653 452 1722 Pamphyliam
479 1650 770 1717 provincias,⁵
808 1647 1063 1714 Calpurnio
1084 1647 1333 1712 Asprenati
1365 1647 1595 1713 regendas

48 1733 205 1784 Galba
236 1731 536 1797 penniserat:
573 1731 691 1779 datae
722 1729 749 1777 ὲ
773 1729 916 1778 classe
938 1726 1190 1776 Misenensi
1203 1722 1222 1747 ⁶
1251 1726 1360 1775 duae
1383 1725 1594 1777 triremes

48 1812 110 1861 ad
138 1809 534 1878 prosequendum,
569 1825 679 1857 cum
713 1806 881 1872 quibus
916 1806 1160 1871 Cythnum
1198 1804 1396 1852 insulam
1429 1803 1591 1852 tenuit.

50 1890 157 1940 Nee
176 1886 382 1945 defuere,
420 1886 500 1951 qui
535 1885 811 1934 trierarchos
840 1883 1028 1932 nomine
1050 1881 1254 1931 Neronis
1288 1881 1517 1930 accirent:
1554 1898 1593 1929 is

52 1965 101 2014 in
144 1964 409 2014 moestitiam
454 1962 755 2028 compositus,
789 1973 835 2012 et
880 1966 913 1989 “
937 1961 1079 2010 fidem
1118 1975 1311 2007 suorum
1356 1958 1593 2022 quondam

51 2049 89 2075 ‘⁶
121 2042 368 2093 militum”
402 2040 638 2100 invocans,
674 2045 709 2068 “
734 2051 785 2090 ut
819 2055 929 2089 eum
963 2038 1012 2087 in
1047 2036 1199 2103 Syria,
1232 2047 1312 2087 aut
1350 2036 1592 2102 AEgypto⁷

58 2252 165 2279 Lvu.
183 2241 275 2279 ᾉόιι
293 2239 508 2284 defuerunt,
527 2238 592 2289 qm'
613 2252 684 2288 pet·
713 2239 791 2276 1011-

54 2307 143 2345 gum
155 2299 296 2344 tempus
309 2293 517 2345 proferrent
532 2292 669 2337 erlicta,
686 2292 792 2342 qnasi

59 2348 219 2386 viz-entis
248 2347 423 2391 Neronis,
455 2351 493 2383 et
520 2346 623 2383 brevi
657 2358 792 2396 magno

56 2400 286 2439 inimicorum
305 2401 401 2438 malo
420 2399 621 2438 reversuri.

114 2503 127 2521 ¹
158 2503 375 2542 Ceterorum
409 2516 528 2541 casus.
567 2501 791 2539 Ceterorum

59 2558 242 2596 falsorum
286 2558 483 2595 Neronum
529 2568 655 2593 casus.
682 2562 686 2566 '
713 2554 792 2593 Alii

57 2612 161 2650 enim
188 2611 317 2652 adhuc
343 2610 411 2648 visi
444 2609 576 2660 postea
605 2608 687 2646 falsi
718 2608 796 2647 Nc-

61 2677 183 2712 roncs,
200 2673 246 2702 ut
273 2664 424 2702 dicetur
447 2663 546 2700 infra
572 2662 610 2699 in
640 2664 796 2712 Appen-

61 2719 148 2759 dicc
165 2716 448 2768 Chronologica
466 2717 515 2753 ad
539 2726 682 2754 annum
703 2719 795 2754 841.

117 2771 135 2787 ²
163 2771 346 2822 Cythnum
375 2770 544 2808 insulam.
591 2769 635 2806 In
665 2769 796 2817 AEgaeo

64 2825 174 2871 mari,
197 2838 313 2862 unam
331 2825 353 2861 ὲ
374 2823 628 2875 Cycladibus,
652 2821 797 2860 dictam

64 2879 178 2922 hodic
199 2877 385 2916 Thermia.

118 2929 134 2956 ³
164 2930 462 2974 Commeantium.
504 2930 566 2971 De
599 2929 658 2970 his
691 2941 816 2970 com-²

859 2236 1047 2274 meatibus
1067 2236 1215 2274 dictum
1234 2240 1291 2273 est
1307 2245 1426 2284 supra
1443 2232 1545 2271 nist.
1562 2243 1594 2272 x.

860 2287 927 2329 46.
946 2298 1024 2327 not.
1041 2303 1128 2340 sup.

912 2342 932 2363 4
970 2344 1154 2388 Damas,
1186 2341 1393 2379 concordiae
1416 2343 1593 2393 insignia.

861 2397 961 2435 Vide
979 2397 1085 2436 dicta
1111 2409 1228 2446 supra
1249 2395 1349 2432 Hist.
1369 2408 1400 2434 1.
1426 2400 1492 2435 54.
1512 2405 1591 2434 not.

862 2451 930 2488 inf.

916 2503 928 2524 ⁵
959 2503 1195 2544 Provincias.
1225 2503 1348 2542 Ponto
1364 2503 1523 2541 vicinas.

915 2554 932 2574 ⁶
960 2558 996 2594 E
1031 2558 1147 2595 classe
1182 2556 1398 2597 Misenensi.
1428 2557 1488 2593 De
1518 2554 1593 2594 hzie

862 2611 980 2649 classe
999 2611 1147 2649 dictum
1165 2623 1281 2660 supra
1300 2610 1441 2650 Annal.
1463 2622 1521 2647 ιν.
1543 2614 1581 2648 5.

916 2663 929 2684 ⁷
962 2665 1043 2702 Aut
1077 2666 1257 2714 AEgypto.
1288 2664 1479 2714 Exemplo
1518 2665 1595 2701 Ne-

862 2718 978 2762 ronis,
1006 2718 1101 2756 olim
1132 2718 1267 2755 incerti
1304 2718 1515 2768 Syriamne,
1546 2730 1594 2756 an

866 2773 1090 2823 AEgyptum‚
1134 2780 1299 2822 peterem
1344 2772 1488 2820 hasque
1521 2771 1593 2810 sibi

862 2826 1109 2876 praet'ccturas
1125 2826 1312 2866 retineret.
1341 2825 1442 2863 Vide
1456 2824 1595 2877 Suppl.

866 2879 1007 2918 Annal.
1028 2891 1120 2918 xv1.
1139 2882 1203 2922 87.
