1786 3204
87 173 128 212 s.
145 173 193 212 c.
211 170 280 218 69.
428 143 820 208 ms‘romAmJM
847 166 1012 208 mal-:R
1038 167 1284 207 TERTIUS.
1551 172 1631 225 23⁵

83 277 278 335 ducum,
299 285 349 324 et
380 274 603 324 seditione
633 270 886 339 legionum.
953 271 1165 321 Externa
1185 272 1249 331 vi,
1283 270 1481 336 perfidia
1514 274 1630 322 soci-

81 354 182 413 ali‚¹.
213 364 371 418 prope.
394 349 576 400 adflicta
608 352 823 399 Romana
854 366 944 398 res.
1012 351 1066 397 Id
1102 350 1300 408 bellum,
1338 366 1459 397 cum*
1482 350 1630 399 causis

82 442 132 479 et
152 431 391 480 eventibus
408 430 602 495 (etenim
624 428 813 494 longius
834 440 1108 491 provectum
1131 426 1224 490 est)
1257 444 1372 475 mox
1402 444 1630 476 memora-

82 507 271 558 bimus.²
337 510 472 556 Mota
514 519 561 555 et
603 508 861 555 Dacorum.
889 508 1039 570 gens,³
1073 521 1333 569 numquam
1369 505 1479 564 fida,
1508 517 1629 553 *tunc

81 585 180 635 sine
203 597 349 645 metu,
381 586 582 634 abducto
605 583 633 632 ὲ
661 582 833 631 Moesia
866 582 1089 630 exercitu.
1158 583 1253 630 Sed
1287 581 1437 646 prima
1467 599 1630 632 rerum

82 664 225 727 quieti
268 664 652 729 speculabantur:
694 661 774 709 ubi
811 660 1007 726 flagrare
1050 659 1226 708 Italiam
1271 660 1415 719 bello,
1461 672 1629 709 cuncta

82 740 283 791 invicem
315 740 512 799 hostilia,
546 755 796 803 accepere3
833 738 1110 804 expugnatis
1131 737 1395 786 cohortium
1429 739 1628 787 alarum-

82 835 177 882 que
208 818 429 877 hibernis,
465 816 664 881 utraque
686 816 891 864 Danubii
925 815 1027 880 ripa
1059 816 1365 881 potiebantur.
1431 818 1629 881 Jamque

81 896 499 961 castralegionum
521 894 790 943 exscindere
819 895 1058 958 parabant,
1091 893 1140 940 ni
1163 893 1412 942 Mucianus
1445 905 1627 943 sextam

81 972 346 1037 legionem⁴
367 972 669 1037 opposuisset,
694 972 1021 1021 Cremonensis
1042 971 1245 1020 victoriae
1272 987 1462 1036 gnarus,
1487 987 1541 1020 ac
1564 987 1627 1020 ne

81 1060 275 1098 externa
296 1051 443 1099 moles
473 1051 708 1115 utrimque
728 1050 982 1116 ingrueret,
1011 1049 1050 1098 si
1082 1050 1242 1097 Dacus
1265 1051 1626 1114 Germanusque

81 1126 249 1175 diversi
282 1127 573 1192 inrupissent.
641 1126 827 1187 Adfuit,
863 1138 916 1175 ut
949 1144 1072 1193 saepe
1104 1125 1235 1186 alias,
1256 1125 1443 1175 fortuna
1463 1126 1626 1191 populi

84 1204 306 1263 Romani,
334 1222 440 1270 quae
476 1204 750 1253 Mucianum
783 1205 996 1270 viresque
1031 1204 1237 1253 Orientis
1270 1204 1380 1253 illuc
1408 1205 1541 1252 tulit:
1578 1215 1625 1252 et

81 1281 214 1345 quod
255 1284 503 1331 Cremonae
538 1282 721 1330 interim
753 1282 1093 1348 transegimus.⁵
1159 1282 1379 1331 Fonteius
1411 1282 1626 1348 Agrippa

77 1375 141 1405 ex
162 1358 276 1406 Asia
310 1360 610 1425 (proconsule
632 1376 734 1408 eam
766 1359 1051 1424 provinciam
1083 1376 1239 1408 annuo
1272 1359 1467 1425 imperio
1489 1372 1621 1408 tenu-

83 1435 205 1498 erat)
245 1436 427 1485 Moesiae
465 1437 738 1502 praepositus
772 1449 870 1485 est:
890 1433 908 1458 ⁶
940 1437 1104 1486 additis
1138 1437 1279 1502 copiis
1314 1437 1342 1486 ὲ
1379 1437 1624 1486 Vitelliano

82 1513 307 1573 exercitu,
330 1531 471 1578 quem
493 1515 645 1580 spargi
667 1533 752 1580 per
773 1515 1047 1580 provincias,
1070 1526 1116 1565 et
1138 1527 1334 1564 externo
1367 1515 1494 1564 bello
1522 1514 1625 1563 inli-

82 1591 199 1657 gari,
220 1608 326 1656 pars
347 1592 539 1652 consilii,
562 1593 778 1659 pacisque
800 1604 912 1642 erat.

146 1752 228 1799 47.
263 1748 378 1799 NEc
402 1760 567 1797 ceterae
601 1749 806 1798 nationes
832 1743 1038 1799 silebant.
1107 1749 1269 1800 Subita
1300 1766 1386 1815 per
1416 1750 1623 1798 Pontum

79 1841 210 1872 arma
239 1826 487 1875 barbarum
521 1827 817 1891 mancipium,
855 1828 997 1894 regiae
1041 1829 1275 1894 quondam
1317 1827 1471 1875 classis
1503 1842 1623 1891 prae·

79 1901 246 1962 fectus,
298 1915 534 1953 moverat:
583 1905 622 1953 is
664 1904 753 1953 fuit
797 1906 1038 1965 Anicetus,
1082 1905 1347 1954 Polemonis
1392 1905 1620 1963 libertus,⁷

79 1991 341 2044 praepotens
362 1981 492 2040 olim,
515 1993 560 2029 et
581 1983 830 2048 postquam
855 2001 1055 2049 regnum
1076 1983 1126 2031 in
1147 1982 1348 2032 formam
1370 1981 1621 2047 provinciae

80 2068 295 2117 verterat,
350 2058 612 2107 mutationis
661 2061 915 2125 impatiens.
998 2061 1146 2126 Igitur
1198 2059 1371 2108 Vitellii
1412 2058 1620 2118 nomine,

78 2134 258 2183 adscitis
279 2136 509 2201 gentibus,
543 2155 650 2203 quae
672 2139 876 2188 Pontum
908 2139 1140 2198 accolunt,
1162 2150 1384 2204 corrupto
1417 2137 1465 2186 in
1487 2151 1619 2203 spem

135 2290 153 2316 ¹¹
180 2300 348 2352 Perfidid
362 2303 504 2342 sociali.
532 2277 748 2345 Sociorum.
881 2308 998 2346 tradit
1024 2307 1213 2359 Josephus
1241 2306 1340 2344 Bell.
1359 2305 1382 2346 J
1387 2305 1453 2343 ud.
1475 2316 1556 2343 vn.
1573 2308 1617 2343 4.

135 2351 154 2369 ²
217 2355 313 2393 Mox
361 2359 650 2399 memorabimus.
705 2361 810 2399 Infra
856 2355 859 2360 ’
882 2375 920 2400 n.
941 2366 979 2399 3.

86 2406 187 2446 Hist.
205 2420 264 2446 1v.
290 2414 337 2448 12
357 2418 489 2463 etseq.
937 2413 953 2436 ⁷
982 2415 1193 2453 Polemonis
1207 2415 1374 2454 libertus.
1397 2412 1614 2452 Polemonis

137 2457 153 2480 ³
180 2461 374 2501 Dacorum
401 2478 507 2516 gens.
537 2468 656 2506 Nunc
688 2468 724 2505 T
723 2481 810 2506 ran·
885 2470 939 2507 II.
957 2469 1051 2519 regis
1073 2469 1249 2507 Pontici:
1278 2469 1382 2519 quod
1409 2480 1566 2519 regnum
1588 2466 1615 2505 ὲ

79 2515 253 2562 δὶἶῖάηῐα,
267 2517 708 2569 ll·'allackia‚Mol‹laz·ia‚
717 2527 809 2572 part
882 2523 979 2561 Caio
1009 2522 1189 2573 Caligula
1216 2528 1430 2573 acceperat,
1453 2522 1503 2560 'ut
1530 2522 1613 2559 dic-

80 2569 130 2620 of
140 2569 345 2621 Hungary‚
366 2574 435 2619 ἃς.
882 2585 964 2614 tum
982 2584 1037 2614 cst
1055 2576 1095 2613 in
1116 2575 1254 2626 Suppl.
1279 2576 1423 2616 Annal.
1443 2587 1524 2613 vn.
1544 2572 1612 2615 36.

134 2620 153 2642 ⁴
180 2623 331 2662 Sextum
346 2625 537 2676 legionem.
565 2627 654 2666 Jam
669 2640 810 2667 memo·
884 2630 1045 2676 Deinde,
1072 2630 1302 2668 concedente
1330 2630 1548 2676 Polemone,
1571 2630 1613 2669 in

79 2681 201 2714 ratam
219 2690 335 2728 supra
354 2679 455 2717 Hist.
474 2692 523 2717 11.
543 2684 606 2719 83.
880 2684 1115 2734 prox-inciam
1135 2684 1347 2722 Romanam
1362 2685 1434 2721 sub
1446 2683 1613 2722 Neronis

134 2727 148 2750 ⁵
190 2730 468 2784 Transegimus.
511 2733 809 2783 Debellavimus,
883 2738 1107 2788 Principatu
1134 2750 1291 2787 regnum
1317 2737 1417 2775 illud
1434 2743 1612 2777 cesserat.

78 2782 301 2835 bellumque
317 2787 611 2836 profligavimus.
881 2790 983 2829 Vide
1018 2791 1243 2830 Suetonium
1278 2791 1317 2828 in
1352 2792 1448 2830 Ner.
1480 2802 1611 2830 xvnl.

129 2832 150 2855 ⁶
202 2837 434 2890 Proepositus
480 2847 551 2879 est.
605 2842 826 2880 Fonteium⁴
880 2844 1096 2896 Singulares
1109 2844 1325 2882 Polemonis
1335 2858 1512 2884 nummos
1522 2857 1610 2896 pro·

75 2890 289 2942 Agrippam
309 2893 440 2944 postea
456 2893 480 2932 ὲ
494 2895 689 2943 Sarmatis,
708 2908 811 2946 mag·
880 2898 971 2936 tulit
992 2898 1053 2936 (¹1.
1074 2898 1250 2944 Pellem,
1271 2899 1425 2938 Recueil
1449 2900 1495 2939 ᾱε
1523 2897 1610 2939 Me·

75 2942 127 2982 na
158 2945 196 2983 vi
228 2945 474 2998 irruentibus,
514 2960 657 2990 caesum
696 2950 809 2988 fuisse
846 2984 849 2986 .
878 2951 1010 2993 dantes
1025 2953 1070 2991 de
1086 2952 1192 3002 Rois,
1208 2965 1248 3006 p.
1270 2956 1358 2998 187.
