1786 3204
76 154 117 196 J.
134 153 181 192 C.
197 149 265 199 69.
418 141 808 185 I-IISTORIARUM
837 141 998 180 LIBER
1025 140 1271 179 TERTIUS.
1540 146 1615 186 ¹8?

76 251 321 306 momenti
345 252 502 299 locum
557 242 772 325 obtinuit,
825 243 1142 307 reputantibus
1193 245 1227 271 ‘⁶
1240 243 1332 291 illic
1380 243 1617 292 Caecinam

78 339 114 362 “
140 331 365 398 genitum,
401 339 447 375 et
485 324 679 390 patriam
696 319 914 369 hostium
937 320 1044 367 duci
1071 331 1290 384 ereptam.
1296 321 1326 341 ’'
1396 322 1467 367 Ιιι
1474 323 1618 369 Ver-o
1657 314 1662 317 i

80 409 299 465 nensibus
322 405 522 470 pretium
543 401 686 449 fuit-¹
647 421 661 459 ;
690 397 940 461 exemplo
963 397 1238 461 opibusque,
1261 410 1411 462 partes
1440 400 1618 463 juvere.

82 488 145 536 Et
187 485 451 547 interjectus
496 477 725 527 exercitus
769 475 996 522 Raetiam²
1062 476 1089 522 J
1093 475 1296 546 uhasque
1335 476 1516 539 Alpes,³
1560 493 1622 524 ne
1663 519 1666 522 .
1708 464 1718 469 ”

83 563 296 629 pervium
318 559 397 607 illa
422 554 711 607 Germanicis
733 551 1010 600 exercitibus
1032 550 1169 610 foret,
1192 546 1478 616 obsepserat:
1516 571 1622 618 quae

85 642 246 707 ignara
297 635 592 701 Vespasiano,
627 643 707 680 aut
749 630 886 678 vetita
902 633 944 677 :⁴
986 629 1157 693 quippe
1202 635 1236 657 ‘⁶
1254 630 1489 694 Aquileiae
1527 632 1626 679 sisti

88 724 124 758 5‘
146 717 340 774 bellum,
379 711 704 777 expectarique
759 707 1066 756 Mucianum''
1097 708 1312 772 jubebat;
1371 709 1626 773 adjiciebat-2

91 812 185 860 que
215 791 409 898 impprio
443 789 704 846 consilium,
739 791 772 814 “
792 786 980 850 quando
1023 786 1275 849 AEgyptus,
1314 786 1511 837 claustra
1547 803 1627 835 an-

94 877 130 906 “·
152 871 324 929 nonae,⁵
360 866 598 933 vectigalia
635 860 1111 928 opulentissimarum⁶
1143 862 1484 926 provinciarum
1514 865 1631 914 obn-

95 954 130 978 “
153 959 395 1004 ueremur,
451 961 585 1008 posse
639 941 811 989 Vitellii
855 939 1111 988 exercitum
1167 951 1365 1004 egestate
1421 929 1632 1005 stipendii

96 1032 132 1059 ‘¹²
154 1023 467 1087 frumentique
499 1022 558 1069 ad
593 1018 871 1067 deditionem
907 1017 1070 1081 subigi.
1075 1018 1106 1038 ''
1173 1018 1351 1065 Eadem
1385 1019 1633 1070 Mucianus

98 1102 271 1155 crebris
305 1099 504 1164 epistolis
537 1098 771 1155 monebat,
811 1101 843 1122 ‘⁶
847 1095 1143 1142 incruentam
1177 1108 1222 1143 et
1251 1096 1348 1144 sine
1382 1097 1510 1145 luctu
1543 1098 1636 1146 vic-

30 1214 33 1219 .
103 1186 139 1209 “
136 1179 378 1251 toriam,''
425 1188 471 1225 et
509 1176 594 1223 alia
631 1173 952 1239 hujuscemodi
991 1175 1315 1236 praetexend03
1358 1175 1439 1222 sed
1473 1176 1636 1240 gloriae

102 1257 280 1315 avidus,
301 1267 439 1320 atque
467 1269 606 1302 omne
627 1252 737 1300 belli
760 1253 902 1300 decus
923 1250 1007 1298 sibi
1039 1250 1254 1300 retinens.
1327 1254 1555 1301 Ceterum
1576 1270 1653 1301 exr

104 1333 373 1384 distantibus
406 1344 633 1380 terrarum
666 1329 835 1395 spatiis,
857 1329 1044 1377 consilia
1065 1341 1168 1392 post
1191 1346 1265 1378 res
1298 1328 1638 1378 adferebantur.

175 1497 222 1539 9.
245 1492 440 1538 Iorrua
464 1486 702 1553 repentino
725 1486 912 1535 incursu
945 1464 1180 1539 Antonius
1190 1485 1419 1534 stationes
1442 1485 1646 1534 hostium

109 1566 349 1632 inrumpit,
367 1567 641 1630 tentatisque
656 1564 746 1613 levi
762 1564 921 1628 praelio
943 1563 1121 1623 animis,
1145 1581 1205 1611 ex
1219 1557 1355 1628 aequo
1379 1564 1644 1611 discessum.

112 1648 235 1695 Mox
281 1645 471 1694 Caeeina
512 1644 632 1692 inter
674 1642 954 1701 Hostiliam?
994 1642 1149 1690 vicum
1192 1642 1549 1701 Veronensium‚
1602 1653 1650 1690 et

115 1724 306 1789 paludes
327 1722 509 1770 Tartari
531 1721 749 1779 fluminis,
775 1731 921 1768 castra
942 1719 1210 1783 permuniit:
1235 1731 1361 1767 tutus
1384 1720 1506 1778 loco,
1536 1721 1652 1767 esim

115 1813 245 1866 terga
277 1800 486 1858 flumine,
528 1799 669 1847 latera
701 1794 884 1863 objectu
917 1797 1095 1862 paludis
1128 1808 1416 1862 tegerentur:
1453 1791 1656 1861 quodsi

116 1877 334 1926 adfuisset
365 1878 500 1936 fides,
534 1887 617 1924 aut
637 1876 835 1940 opprimi
857 1875 1079 1923 universis
1111 1874 1461 1922 Vitellianorum
1482 1873 1656 1925 viribus

118 1955 226 2003 duae
234 1952 471 2020 legiones‚⁸
485 1954 696 2001 nondum
710 1955 812 2019 conj
819 1964 958 2001 uncto
989 1952 1188 2018 Moesico
1203 1951 1427 2015 exercitu,
1443 1963 1656 2015 potuere,

119 2046 200 2081 aut
221 2043 346 2080 retro
369 2043 500 2090 actae,
535 2030 715 2079 deserta
748 2022 895 2090 Italia,
916 2041 1101 2095 turpem
1122 2029 1284 2095 fugam
1317 2028 1655 2077 conscivissent.

122 2109 217 2160 Sed
241 2109 444 2168 Caecina,
466 2125 550 2173 per
567 2108 710 2157 varias
732 2126 903 2167 moras,
925 2109 1073 2172 prima
1093 2108 1300 2155 hostibus
1322 2106 1522 2170 prodidit
1542 2116 1658 2152 tem-

120 2202 239 2252 pora
258 2185 386 2246 belli,
408 2187 524 2234 dum
545 2203 662 2251 quos
684 2187 821 2236 armis
856 2186 1028 2251 pellere
1052 2197 1289 2250 promtum
1311 2195 1425 2243 erat,
1460 2181 1659 2247 epistolis

182 2365 197 2384 ¹
228 2368 396 2406 Pretium
409 2403 413 2405 s
413 2366 517 2419 fuit.
580 2367 712 2417 Majus
743 2379 866 2418 operae
925 2381 1010 2406 mus
1029 2367 1066 2405 in
1082 2373 1161 2406 not.
1193 2371 1230 2404 et
1248 2366 1394 2404 emend.
1440 2365 1487 2403 ad
1518 2341 1661 2402 Annas.

131 2421 296 2472 pretium
313 2422 399 2467 fuit,
418 2421 580 2471 plusque
600 2422 790 2459 utilitatis.
927 2434 975 2459 11.
995 2427 1060 2467 59.

186 2473 204 2490 ²
233 2475 404 2513 Roetiam.
462 2474 568 2512 Male
631 2474 759 2524 vulgo,
803 2487 870 2525 per
979 2471 996 2492 ⁶
1026 2474 1408 2525 opulentissimarum.
1486 2470 1667 2517 Orientis,

91 2563 96 2566 .
134 2527 393 2566 Raetiam-ac
405 2541 450 2565 ne
478 2529 658 2578 pervium,
677 2531 752 2565 ὄις.
771 2528 872 2566 Vide
929 2529 992 2565 ubi
1005 2529 1297 2578 opulentissimae
1312 2525 1529 2576 provinciae.

136 2589 218 2621 not.
239 2589 277 2619 et
300 2582 447 2619 emend.
465 2581 528 2619 ad.
552 2581 650 2620 Hist.
667 2593 736 2619 111.
756 2586 793 2622 8.
980 2579 996 2602 ⁷
1027 2582 1245 2621 Hostiliam.
1303 2581 1364 2618 De
1397 2577 1562 2617 Hostilia
1579 2577 1665 2614 vide

93 2658 110 2665 2
190 2631 207 2655 ³
235 2633 431 2685 Iuliasque
443 2634 573 2683 Alpes.
626 2635 742 2674 Juliae
756 2635 894 2686 Alpes
928 2647 1043 2685 supra
1062 2636 1162 2672 Ilist.
1183 2646 1233 2671 11.
1257 2638 1345 2671 100.
1393 2633 1558 2671 Paludes
1576 2630 1665 2668 vero

135 2688 278 2731 ,eaedem
296 2698 384 2726 sunt
399 2701 445 2725 ae
468 2688 710 2735 Pannonicae,
728 2690 775 2726 de
792 2690 875 2738 qui·
929 2689 1082 2726 Tartari
1099 2689 1277 2733 fluminis,
1291 2699 1395 2725 nunc
1405 2687 1468 2724 the
1489 2686 1669 2731 Tartaro,

139 2743 211 2779 bus
230 2741 378 2780 dictum
393 2748 448 2779 est
458 2753 575 2792 supra
593 2742 694 2780 Hist.
714 2746 848 2786 1¹·98-
931 2741 1058 2780 adhuc
1100 2743 1276 2780 videntur
1314 2741 1351 2778 in
1391 2752 1437 2777 eo
1482 2745 1668 2776 terrarum

191 2792 213 2815 ⁴*
238 2796 321 2833 Aut
335 2793 466 2832 vetit'a.
484 2798 568 2832 Aut
583 2796 631 2838 ab
646 2795 716 2833 illo
735 2796 863 2833 vetita.
933 2803 1072 2837 tractu,
1089 2796 1155 2846 qni
1176 2807 1276 2832 nunc
1294 2794 1438 2832 dicitur
1458 2792 1616 2842 Rerigo.

195 2844 210 2868 ⁵
234 2845 433 2899 Claustra
465 2861 630 2886 annonae.
674 2849 873 2894 Quantum
987 2845 1002 2867 ⁸
1033 2847 1130 2889 Duoe
1158 2849 1331 2899 legiones.
1388 2845 1559 2897 Septima.
1577 2842 1672 2883 Gal-

142 2892 301 2940 aunonae
337 2899 521 2939 conferret
555 2890 743 2954 AEgyptus
777 2902 877 2941 dixi-
934 2902 1048 2940 biana
1065 2910 1103 2941 ct
1119 2903 1231 2942 tertia
1243 2902 1394 2943 decima
1411 2899 1588 2939 Gemina.

283 2969 400 3002 voL.
436 2969 514 3003 111.
