1760 3210
65 165 104 205 J.
122 165 170 204 C.
187 166 254 208 70.
406 124 793 199 111s'roR1ARUM
821 156 984 196 LIBER
1013 155 1287 203 QUARTUS.
1531 168 1610 203 313

65 269 105 305 ,⁴⁴
137 266 325 315 hostiles
346 263 530 328 spiritus
551 263 766 312 induisse.
835 262 977 311 Nunc
999 262 1173 323 hostes,
1196 263 1304 328 quia
1325 254 1468 314 molle
1484 267 1622 315 servi-

0 345 3 355 '
74 349 106 380 ‘⁶
136 345 285 392 tium:
310 343 425 391 cum
448 341 627 406 spoliati
649 337 871 405 exutique
893 339 1083 400 fuerint,
1104 341 1277 401 amicos
1299 340 1453 391 fore.''
1501 345 1621 393 Haec

63 421 287 471 -ferocite'r
320 421 522 479 locutus,
555 417 804 484 postquam
837 429 1040 481 perstare
1061 418 1110 466 in
1143 415 1339 483 perfidia
1363 420 1622 470 Classicum

67 501 396 564 Tutoremque
452 497 594 556 videt,
651 513 787 544 verso
837 495 1017 554 itinere,
1060 496 1320 545 Novesium
1334 500 1357 539 ¹⁴
1393 499 1619 548 concedit.

75 576 224 636 Galli,
247 576 399 624 duum
422 574 620 623 millium
641 574 801 638 spatio
818 573 1089 622 distantibus
1123 575 1314 639 campis,
1338 576 1618 625 consedere.

69 654 187 702 Illuc
226 652 586 702 commeantium
634 650 961 699 centurionum
1005 651 1300 716 militumque
1340 655 1619 703 „emebantur

62 730 226 790 animi,
265 742 319 778 ut
357 729 605 795 (flagitium
649 727 964 794 incognitum)
1007 729 1252 778 Romanus
1278 732 1528 780 *exercitus
1569 732 1619 780 in

68 819 262 872 externa
288 810 430 856 verba
447 809 672 872 jurarent,
711 805 972 871 pignusque
1010 806 1122 853 tanti
1158 806 1359 865 sceleris,
1395 824 1509 858 nece
1537 822 1618 858 aut

16 934 20 942 ,
65 885 268 938 vinculis
300 885 562 951 legatorum
584 884 785 931 daretur.
856 883 1053 942 Vocula,
1089 900 1372 949 quamquam
1410 886 1619 951 plerique

68 962 230 1029 fugam
268 964 540 1022 suadebant,
570 962 842 1010 audendum
885 972 1029 1021 ratus,
1083 960 1247 1010 vocata
1283 963 1521 1023 concione,
1568 966 1616 1013 in

69 1040 194 1089 hunc
218 1043 413 1090 modum
435 1039 660 1089 disseruit.

571 1163 575 1167 .
1269 1147 1287 1167 X

71 1240 74 1243 .
137 1190 218 1246 38.
255 1202 290 1226 “
321 1199 610 1256 NUMQUAM
649 1197 773 1262 apud
807 1213 891 1246 vos
927 1197 1069 1245 verba
1101 1195 1210 1256 feci,
1245 1209 1324 1246 aut
1362 1215 1449 1263 pro
1484 1199 1617 1249 vobis

73 1278 104 1301 “
136 1275 390 1335 sollicitior,
427 1288 507 1324 aut
546 1293 634 1340 pro
678 1293 754 1323 me
794 1275 1012 1324 securior.
1094 1276 1220 1323 Nam
1265 1276 1378 1331 mihi
1421 1277 1615 1326 exitium

74 1356 105 1378 “
137 1353 304 1430 parari,
328 1354 474 1402 libens
494 1354 660 1413 audi03
686 1363 978 1417 mortemque
999 1353 1048 1400 in
1070 1363 1138 1400 tot
1160 1353 1290 1402 malis
1312 1353 1547 1407 hostium²
1564 1367 1616 1404 ut

71 1433 102 1457 “
135 1431 279 1495 finem
295 1430 608 1479 miseriarum³
633 1441 843 1495 expectO.
892 1429 1046 1478 Vestri
1068 1447 1144 1478 me
1161 1431 1305 1495 pudet
1319 1431 1614 1498 miseretque,

72 1512 103 1534 “
134 1510 358 1569 adversus
380 1526 499 1574 quos
519 1525 616 1557 non
637 1508 851 1574 praelium
889 1519 935 1556 et
972 1508 1092 1556 acies
1126 1520 1375 1574 parantur3
1411 1510 1460 1557 id
1489 1511 1615 1559 enim

62 1590 104 1628 β(
135 1579 206 1635 fas
248 1604 504 1647 armorum,
549 1599 595 1636 et
640 1589 716 1654 jus
745 1575 987 1635 hostium:
1039 1587 1217 1635 bellum
1272 1603 1382 1635 cum
1437 1589 1614 1653 populo

71 1669 104 1691 ⁴‘
141 1665 358 1713 Romano
380 1665 541 1714 vestris
563 1683 612 1714 se
646 1665 858 1713 manibus
900 1676 1142 1730 gesturum
1165 1665 1394 1715 Classicus
1430 1678 1612 1730 sperat:

73 1747 104 1768 ⁴‘
137 1742 475 1808 imperiumque
498 1755 544 1792 et
559 1753 898 1791 sacramentum
922 1743 1182 1792 Galliarum
1203 1754 1413 1791 ostentat.
1470 1744 1613 1793 Adeo

61 1825 103 1866 .“
135 1823 260 1880 nos‚⁴
290 1821 328 1869 si
369 1820 559 1870 fortuna
594 1820 645 1869 in
682 1838 885 1885 praesens
927 1821 1164 1886 virtusque
1209 1821 1427 1881 deseruit,
1476 1822 1615 1870 etiam

74 1902 104 1924 ‘⁴
136 1910 292 1947 vetera
330 1900 544 1964 exempla
587 1899 824 1959 deficiunt,
871 1899 1081 1965 quotiens
1128 1901 1358 1947 Romanae
1410 1900 1615 1965 legiones

65 1979 103 2017 -“
136 1976 286 2041 perire
308 1977 679 2041 praeoptaverint,
715 1993 775 2024 ne
815 1977 919 2025 loco
958 1977 1278 2041 pellerentur?
1346 1977 1468 2026 Socii
1489 1995 1614 2042 saepe

73 2058 102 2079 “
135 2053 297 2112 nostri,
333 2053 539 2103 exscindi
574 2056 713 2103 urbes
751 2072 874 2114 suas,
913 2073 1056 2119 seque
1095 2071 1204 2103 cum
1251 2054 1526 2120 conjugibus
1559 2072 1613 2104 ac

64 2135 101 2173 .“
134 2131 291 2180 liberis
310 2132 504 2180 cremari
525 2133 814 2196 pertulerunt
834 2152 848 2192 ;
884 2149 1036 2197 neque
1066 2133 1190 2181 aliud
1213 2132 1414 2196 pretium
1438 2132 1611 2192 exitus,

73 2213 102 2234 “
134 2208 279 2274 quam
318 2210 434 2258 fides
471 2208 700 2275 famaque.
768 2210 992 2258 Tolerant
1027 2210 1142 2259 cum
1171 2209 1375 2260 maxime
1411 2209 1614 2274 inopiam

74 2291 102 2312 “
136 2286 458 2352 obsidiumque
502 2288 626 2351 apud
678 2289 847 2335 Vetera
906 2286 1127 2352 legiones,
1181 2303 1267 2335 nec
1312 2298 1491 2334 terrore
1533 2299 1613 2337 aut

72 2370 103 2391 ‘⁶
135 2363 369 2429 promissis
407 2365 726 2413 demoventur.
792 2364 966 2423 Nobis,
1006 2381 1146 2429 super
1166 2380 1295 2413 arma
1326 2364 1534 2424 etviros,
1567 2376 1614 2414 et

72 2579 223 2618 didisse.
276 2580 429 2618 Tributi
459 2581 714 2622 levamentum
744 2583 799 2621 vi·
876 2583 984 2621 lustr.
1004 2582 1185 2621 Huetius.

70 2634 198 2672 dimus
216 2635 315 2673 Hist.
335 2647 364 2672 1.
386 2640 421 2673 8.
931 2634 945 2656 ³
977 2637 1103 2675 Finem
1121 2635 1367 2673 miseriarum.
1395 2634 1496 2672 Vere
1518 2647 1612 2684 quo-

878 2704 953 2741 que
967 2690 1184 2736 Sallustius,
1198 2688 1314 2727 Catil.
1335 2700 1392 2726 LI.
1445 2689 1494 2725 In
1507 2689 1610 2726 luctu

128 2739 388 2779 'Novesinm
429 2743 547 2782 Nunc
580 2743 737 2789 Nuiss,··
759 2757 804 2784 ut
835 2768 837 2770 v
878 2750 989 2795 atq-ue
1015 2743 1172 2781 miseriis
1197 2749 1351 2780 mortem
1368 2754 1612 2780 oerumuarum

71 2806 188 2844 supra
205 2807 291 2844 cap.
306 2792 372 2834 26.
880 2798 1052 2849 requiem,
1072 2811 1144 2835 non
1163 2797 1367 2834 cruciatum
1388 2809 1478 2833 esse.

178 2847 302 2887 Malis
337 2849 507 2887 hostium.
576 2850 669 2894 Quae
702 2853 805 2890 nobis
932 2851 951 2872 ⁴
979 2852 1077 2890 Nos.
1107 2849 1252 2889 Molitus
1270 2850 1476 2897 forti:‚z·os.

72 2900 194 2940 hostes
212 2908 367 2947 creant‚-
387 2911 431 2942 ut
446 2903 549 2944 recte
569 2905 742 2958 explicat
753 2906 803 2944 11-

650 3100 665 3128 κ’
