1786 3204
210 180 289 218 222
559 199 564 204 -
594 199 597 202 -
650 195 652 199 -
676 175 723 213 c,
752 169 1022 213 0011110111
1050 164 1255 211 mem
1279 199 1306 202 ,,
1453 173 1506 210 A.
1526 172 1578 212 U.
1594 173 1759 213 (περὶ

122 338 125 342 ¹
206 269 423 349 postulat.
454 331 456 334 ,
504 278 654 337 Missi,
699 276 780 342 qui
836 277 994 325 locum
1042 275 1205 341 praelii,
1258 276 1508 325 Cremonae
1550 275 1759 342 vestiga,

207 372 361 426 captas
397 358 601 425 legiones
631 355 948 404 ostenderent.-
1013 354 1237 420 Agrestis
1255 354 1316 402 ad
1348 353 1588 402 Vitellium
1608 367 1758 425 reme}

206 438 316 498 avit,
353 436 665 499 abnuentique
700 438 734 461 ‘⁶
757 448 867 482 vera
895 450 995 482 esse
1031 449 1136 497 quae
1172 430 1427 491 adferret,’'
1462 442 1602 496 atque
1631 431 1757 480 uitro

207 518 240 542 “
275 524 550 578 corruptum
574 514 606 547 'v'
679 511 890 577 arguenti
901 531 920 571 ⁴;
1009 515 1044 542 “
1078 510 1514 575 quandoquidem,'’
1563 509 1755 574 ,11141ιὶΐρ

209 598 241 620 “
275 609 447 658 magno
478 592 759 639 documento
782 607 901 654 opus
924 600 1010 648 est,
1033 604 1121 636 nec
1145 588 1260 636 alius
1285 589 1382 653 jam
1415 587 1497 635 tibi
1518 599 1597 636 aut
1628 587 1754 648 vitae,

209 675 239 698 “
273 682 353 719 aut
397 669 557 717 mortis
595 685 713 716 meae
760 685 888 726 usus,
935 667 1056 714 dabo
1102 665 1177 714 cui
1228 666 1390 735 credas
1406 666 1457 714 :”
1508 676 1649 730 atque
1684 664 1755 713 ¹ita

203 748 454 815 digressus,
475 746 735 795 voluntaria
758 758 908 793 morte
926 745 1047 794 dicta
1070 744 1285 796 firmavit.
1338 743 1548 808 Quidam
1570 748 1607 772 “
1621 744 1753 810 jussu

205 830 237 853 “
270 825 442 874 Vitellii
485 822 779 872 interfectum
797 824 849 883 ;'’
908 823 967 871 de
1011 823 1113 870 fide
1159 821 1506 888 ¹constantiaque
1523 825 1535 846 ¹
1581 822 1754 871 eadem

184 904 452 953 ¹tradidere.
980 918 981 921 ¹

271 1067 352 1108 55.
390 1061 703 1118 VITELLms,
728 1069 779 1106 ut
803 1058 829 1107 ὲ
853 1072 1018 1109 somno
1041 1058 1237 1116 excitus,
1259 1063 1294 1086 “
1317 1057 1493 1108 Iulium
1522 1057 1752 1117 Priscum,

164 1150 166 1152 '
204 1141 236 1164 ‘⁶
268 1150 315 1187 et
365 1139 642 1202 Alphenum
697 1139 892 1197 Varum,
949 1154 1060 1186 cum
1115 1137 1468 1202 quatuordecim
1522 1135 1750 1201 praetmziis

208 1220 253 1256 “¹
273 1216 559 1275 cohortibus,
605 1226 650 1263 et
695 1215 911 1263 omnibus
950 1214 1166 1279 equitum
1212 1214 1294 1264 alis
1337 1198 1549 1263 obsidere
1571 1214 1754 1278 ..A'pem

207 1298 238 1320 ‘⁴
271 1294 482 1341 ninum'’
524 1294 671 1359 jubet.
742 1294 908 1341 Secuta
954 1292 980 1341 ὲ
1028 1291 1223 1340 classicis
1267 1292 1404 1358 legio.
1473 1294 1568 1340 Tot
1611 1290 1755 1341 millia

204 1383 507 1430 armatorum,
545 1371 663 1419 lecta
700 1370 829 1435 equis
868 1370 1087 1435 virisque,
1117 1369 1154 1418 si
1190 1371 1289 1417 dux
1324 1369 1438 1417 alius
1473 1369 1610 1429 foret,
1639 1367 1754 1418 infe-

204 1450 354 1498 rendo
378 1467 565 1514 quoque
598 1449 724 1497 bello
761 1449 865 1497 satis
896 1449 1145 1513 pollebant.
1217 1449 1398 1496 Ceterae
1429 1447 1661 1506 cohortes,
1693 1447 1752 1495 ad

206 1528 427 1575 tuendam
471 1529 674 1586 Urbem,
720 1529 776 1574 L.
815 1526 1002 1574 Vitellio
1041 1524 1171 1573 fra-tri
1216 1525 1350 1573 datae.
1417 1526 1520 1589 Ipse
1563 1524 1683 1573 1111111
1716 1523 1754 1573 ὃ

206 1605 341 1654 solito
387 1606 505 1653 luxu
550 1605 805 1663 remittens,
851 1614 896 1652 et
941 1602 1192 1651 diffidentia
1241 1619 1485 1668 properus,
1539 1600 1754 1657 festinare

206 1683 407 1743 comitia,
431 1683 599 1747 quibus
617 1683 829 1732 consules
849 1682 898 1729 in
915 1683 1087 1730 multos
1108 1698 1254 1730 annos
1275 1680 1549 1730 destinabat:
1574 1678 1755 1728 foedera

205 1760 377 1820 800110,ι
417 1760 601 1808 Latium
648 1759 850 1808 externis
890 1759 1121 1825 dilargiri:
1172 1759 1246 1807 his
1284 1758 1455 1806 tributa
1491 1757 1756 1809 dimittere:

206 1838 320 1887 alios
363 1827 733 1886 immunitatibus¹
772 1839 963 1902 juvare:
1017 1836 1217 1901 denique
1260 1835 1390 1885 nulla
1428 1835 1477 1883 in
1516 1836 1755 1899 posterum

204 1915 336 1975 cura,
377 1916 576 1964 lacerare
615 1898 876 1995 imperium.
945 1917 1039 1965 Sed
1077 1916 1250 1981 vulgus
1290 1915 1349 1962 ad
1387 1912 1754 1979 magnitudinem

203 1993 539 2047 beneficiorum
575 1994 759 2041 aderat:
796 1993 1088 2041 stultissimus
1120 1991 1316 2057 quisque
1345 1990 1550 2057 pecuniis
1574 2005 1755 2040 mercna

206 2072 376 2119 batur':
413 2073 536 2134 apud
567 2071 791 2135 sapientes
820 2088 946 2119 cassa
981 2071 1287 2129 habebantur,
1321 2087 1428 2134 quae
1462 2067 1755 2134 nequedarh

209 2164 363 2213 neque
380 2149 539 2213 accipi,
558 2149 682 2238 &iva
700 2147 955 2213 republica,
977 2158 1204 2212 poterant.
1271 2147 1502 2206 Tandem,
1524 2145 1756 2212 flagitante

208 2227 434 2286 exercitu,
491 2228 589 2292 qu1⁴
622 2228 887 2279 Mevaniam
902 2230 915 2255 ³
966 2227 1212 2285 insederat,
1268 2241 1440 2291 magno
1489 2234 1756 2273 senatorum·

207 2305 411 2369 agmine,
443 2321 647 2369 quorum
670 2305 842 2353 multos
865 2304 1130 2364 ambitione,
1157 2304 1316 2368 plures
1337 2301 1584 2351 formidine
1604 2298 1756 2350 11311οε

144 2376 148 2379 ’
209 2382 304 2440 bat,
350 2382 398 2430 in
437 2395 584 2432 castra
621 2383 764 2443 venit,
814 2383 1018 2432 incertus
1065 2381 1223 2442 animi,
1267 2393 1313 2430 et
1356 2380 1509 2430 infidis
1558 2377 1757 2429 consiliis

208 2459 455 2509 obnoxius.
513 2492 518 2495 >
1618 2472 1621 2474 ·
1750 2471 1756 2474 ·

1651 2547 1754 2575 κὰκ)

220 2694 222 2696 ’
265 2691 287 2712 ²·
330 2693 427 2732 Pide
457 2695 755 2747 constantiaque.
809 2697 945 2734 Parem
1014 2694 1184 2747 populis,
1206 2693 1331 2741 Latio,
1351 2698 1391 2746 et
1411 2693 1504 2744 Juxe
1527 2685 1754 2736 Latinam

210 2748 325 2786 fidem
343 2749 675 2801 constantiamque
694 2751 945 2802 manipularis
1016 2759 1101 2788 tum
1118 2758 1176 2788 est
1192 2761 1310 2800 supra
1327 2748 1364 2785 in
1383 2754 1465 2787 not.
1481 2753 1520 2785 et
1536 2745 1686 2785 emend.
1701 2742 1752 2784 ad

211 2802 358 2850 militis,
396 2802 524 2840 fractis
568 2805 673 2854 apud
710 2806 943 2844 Bebriacum
1015 2803 1160 2843 Annal.
1179 2815 1243 2842 XI.
1262 2806 1329 2841 23.

211 2857 339 2903 rebus,
356 2856 521 2894 vidimus
538 2870 656 2909 supra
683 2859 785 2898 Hist.
809 2871 859 2904 11.
877 2862 944 2902 47.
1070 2855 1086 2878 ³
1132 2856 1363 2896 Mevaniam.
1409 2855 1528 2893 Nunc
1546 2854 1754 2909 -Be'oagpm,

204 2918 293 2949 mot.
312 2924 398 2970 sup.
572 2912 575 2913 ’
1018 2912 1057 2952 in
1078 2911 1140 2952 the
1160 2911 1298 2964 Duchy
1315 2907 1562 2966 ρίῖδροῖεὲοιΗ
1579 2926 1594 2937 ··
1642 2919 1647 2933 ³-

265 2963 284 2981 ²
311 2965 466 3005 Foedera
498 2966 624 3006 sociis.
658 2965 721 3005 De
755 2965 945 3005 foederatis
