1768 3198
387 141 466 180 AD
493 138 595 179 Lm.
625 139 659 178 1.
685 134 824 176 msT.
852 135 899 176 c,
928 133 1325 194 conusncm.
1559 140 1644 178 412-

119 278 122 281 ·
157 242 369 289 Antonius
405 240 537 284 Naso.
595 239 701 301 MS.
747 237 918 281 Fames.
963 236 1162 280 Aureli-us
1195 235 1324 280 Naso.
1384 236 1443 280 Et
1474 238 1645 295 quidem

97 318 381 378 probabiliter.
410 315 546 360 Aliter
562 315 671 357 enim
688 313 856 356 dixisset
873 311 1059 366 Tacitus,
1081 311 1261 355 Antonii
1279 311 1440 358 Taurus
1452 320 1493 355 et
1510 312 1645 357 Naso.

154 466 277 511 CAP.
307 473 380 510 21.
412 465 472 509 Et
490 464 674 508 alterius.
733 462 806 505 Sic
826 461 964 504 MSS.
983 468 1140 503 veteres
1159 469 1202 504 et
1231 453 1480 504 recentiores
1496 461 1644 507 editio-

97 556 181 585 nes.
214 542 440 598 Perperam
461 540 698 591 Rhenanus,
728 544 803 579 aut
824 535 1007 579 alterius.

156 615 344 659 Proinde
376 614 591 673 agendwn.
650 611 717 664 Ita
755 611 893 654 MSS.
926 610 1052 652 editio
1085 609 1276 667 princeps
1309 618 1351 654 et
1381 612 1650 656 recentiores.

95 690 364 742 Puteolanus,
390 688 530 746 proin.
559 686 611 730 In
631 687 735 730 MS.
753 686 782 730 J
786 701 844 728 es.
860 684 1034 742 proinde
1051 684 1287 727 audendum
1305 685 1598 744 agendumque.

111 783 116 787 ·
159 764 401 808 Coaluisset.
461 761 636 819 Optime
670 761 842 812 dictum,
888 760 1070 802 nondum
1103 758 1325 811 coaluerat,
1369 759 1412 803 id
1442 769 1519 812 est,
1539 775 1647 805 nom

96 840 197 883 dum
214 835 335 882 firma
352 846 440 882 erat
460 836 626 881 Pisonis
656 834 888 878 auctoritas.
949 834 1117 876 Frustra
1144 840 1274 876 tentat
1291 833 1517 888 Acidalius‚
1546 851 1643 880 con.

95 913 317 958 valuisset..

115 1007 118 1011 ’
154 988 346 1032 Acrior-is
362 987 460 1031 viri.
519 984 725 1038 Acrior-is,
754 990 993 1041 suspectum
1010 982 1138 1027 habet
1154 981 1472 1028 Freinshemius.
1513 984 1640 1029 Certe

95 1065 239 1107 abesse
258 1070 410 1119 potest.
770 1053 779 1055 ἡ
1299 1067 1303 1071 ”

111 1258 115 1259 ⁷
155 1211 278 1255 CAP.
307 1216 379 1256 22.
427 1209 528 1254 Non
558 1218 649 1253 erat
682 1209 858 1253 Othonis
886 1209 1035 1263 mollis,
1066 1217 1104 1252 et
1134 1209 1296 1266 corpori
1315 1207 1474 1251 similis.
1532 1208 1640 1252 MS.

98 1286 232 1331 corb.
264 1286 456 1342 corporis.
514 1285 576 1328 At
610 1301 677 1327 me
725 1285 883 1341 majora
916 1292 1079 1326 vocant.
1140 1283 1367 1339 Egregium
1402 1283 1641 1327 imitationis

96 1360 334 1418 exemplum
365 1360 408 1402 in
439 1360 641 1417 tragoedia
673 1358 742 1404 Cl.
775 1359 947 1403 Joannis
983 1358 1156 1410 Racine‚
1186 1374 1310 1414 quam
1342 1357 1642 1402 Britannicum

97 1435 319 1492 inscripsit,
349 1427 549 1492 proposui
568 1434 608 1477 in
629 1434 735 1476 notis
765 1442 808 1476 et
827 1433 1174 1476 emendationibus
1194 1433 1246 1474 ad
1264 1432 1416 1479 Annal,
1453 1448 1569 1475 x111.
1595 1439 1640 1478 2.

97 1509 291 1554 Alterum
312 1510 425 1567 aeque
446 1509 584 1559 nobile
598 1509 671 1552 hic
691 1508 971 1565 suppeditabit
988 1507 1186 1564 tragoedia
1200 1505 1268 1549 Cl.
1287 1507 1401 1549 Petri
1417 1507 1640 1562 Comeille,

3 1605 19 1612 ..
98 1585 169 1628 cui
191 1584 350 1628 Othoni
367 1600 517 1627 nomen
537 1584 648 1627 fecit.
708 1583 756 1625 Si
778 1583 849 1641 qui
868 1591 1005 1625 autem
1026 1582 1225 1625 mirentur
1247 1598 1324 1625 nos
1341 1581 1383 1624 in
1400 1583 1489 1625 haec
1509 1583 1640 1625 diver-

97 1659 225 1702 ticula
241 1660 443 1713 secedere,
473 1658 732 1701 meminerint
749 1658 791 1700 id
810 1657 894 1700 dari
914 1658 1008 1700 viris
1027 1657 1069 1700 in
1087 1673 1131 1700 re
1151 1652 1330 1700 literaria
1349 1658 1534 1711 summis,
1568 1659 1640 1715 qui

96 1710 209 1776 istud
227 1734 362 1791 operis
379 1734 680 1790 efflagitavere3
711 1745 753 1777 et
772 1733 814 1776 in
833 1732 942 1776 hoc
932 1748 1023 1789 ipso
1042 1741 1284 1788 argumento
1303 1732 1529 1789 plurimum
1547 1748 1637 1775 esse

0 1800 12 1807 ’
97 1808 280 1879 publicae
299 1808 495 1853 utilitatis.

540 2146 675 2202 DE
751 2145 1201 2211 OTHONE,

209 2362 625 2408 TRAGOEDIA
674 2362 775 2407 CL.
820 2364 1049 2409 PETRI
1090 2363 1538 2410 CORNEILLE.

155 2564 221 2608 Ut
237 2567 353 2623 apud'
366 2565 514 2609 Gallos
536 2566 685 2610 Petrus
706 2566 917 2610 Corneille
949 2568 1027 2611 fuit
1061 2568 1267 2624 tragoediae
1300 2585 1460 2626 parenS,
1489 2570 1547 2614 ita
1579 2572 1640 2614 vir

11 2644 14 2648 ’
97 2639 225 2682 divini
238 2640 402 2696 ingenii,
423 2641 679 2698 quantumin
694 2642 834 2685 Taciti
866 2642 1094 2686 imitatione
1114 2652 1253 2700 posset
1265 2660 1355 2686 esse
1373 2645 1642 2689 emolumenti

99 2713 258 2771 primus
277 2715 455 2759 edocuit.
488 2715 589 2758 Hac
608 2716 650 2758 in
669 2732 726 2769 re,
747 2725 793 2760 ut
806 2716 849 2758 in
864 2716 952 2760 aliis
968 2716 1170 2774 plurimis,
1191 2719 1280 2775 ejus
1294 2720 1464 2776 vestigia
1478 2730 1642 2763 secutus

0 2787 16 2838 ἦ,
87 2779 132 2831 ¹J
134 2803 284 2831 oannes
304 2789 476 2842 Racine,
505 2789 662 2848 aliquot
681 2791 778 2846 post
796 2791 909 2834 annis
929 2791 1168 2847 tragoediam
1191 2791 1486 2836 Britannicum
1515 2794 1644 2850 scrip-

102 2861 169 2916 sit,
188 2861 327 2922 ibique
346 2865 398 2911 ad
416 2864 567 2922 ingenii
585 2864 648 2913 sui
667 2860 898 2920 modulum,
920 2882 996 2915 nec
1015 2865 1174 2922 adultas
1195 2866 1379 2921 virtutes,
1408 2883 1485 2913 nec
1504 2867 1642 2911 adulta
