<?xml version="1.0" encoding="UTF-8"?>
<!DOCTYPE html PUBLIC "-//W3C//DTD XHTML 1.0 Transitional//EN"
    "http://www.w3.org/TR/xhtml1/DTD/xhtml1-transitional.dtd">
<html xmlns="http://www.w3.org/1999/xhtml" xml:lang="en" lang="en">
 <head>
  <title>
</title>
<meta http-equiv="Content-Type" content="text/html;charset=utf-8" />
  <meta name='ocr-system' content='tesseract 3.04.00' />
  <meta name='ocr-capabilities' content='ocr_page ocr_carea ocr_par ocr_line ocrx_word'/>
</head>
<body>
  <div class='ocr_page' id='page_1' title='image "./operarecognovite03taciuoft/operarecognovite03taciuoft_0017.png"; bbox 0 0 1780 3164; ppageno 0'>
   <div class='ocr_carea' id='block_1_1' title="bbox 452 371 1230 484">
    <p class='ocr_par' dir='ltr' id='par_1_1' title="bbox 452 371 1230 484">
     <span class='ocr_line' id='line_1_1' title="bbox 452 371 1230 484; baseline -0.008 -34"><span class='ocrx_word' id='word_1_1' title='bbox 452 379 534 453; x_wconf 82' lang='lat' dir='ltr'><strong>c,</strong></span> <span class='ocrx_word' id='word_1_2' title='bbox 608 371 1230 484; x_wconf 65' lang='lat' dir='ltr'>CORNELII</span> 
     </span>
    </p>
   </div>
   <div class='ocr_carea' id='block_1_2' title="bbox 246 570 1343 874">
    <p class='ocr_par' dir='ltr' id='par_1_2' title="bbox 246 570 1343 874">
     <span class='ocr_line' id='line_1_2' title="bbox 246 570 1343 703; baseline -0.006 -17"><span class='ocrx_word' id='word_1_3' title='bbox 246 570 255 577; x_wconf 61' lang='lat'><em>„</em></span> <span class='ocrx_word' id='word_1_4' title='bbox 341 588 429 703; x_wconf 88' lang='lat' dir='ltr'>T</span> <span class='ocrx_word' id='word_1_5' title='bbox 533 589 635 683; x_wconf 89' lang='lat' dir='ltr'><strong>A</strong></span> <span class='ocrx_word' id='word_1_6' title='bbox 745 585 830 679; x_wconf 85' lang='lat' dir='ltr'>C</span> <span class='ocrx_word' id='word_1_7' title='bbox 938 586 993 679; x_wconf 93' lang='lat' dir='ltr'>I</span> <span class='ocrx_word' id='word_1_8' title='bbox 1098 586 1186 680; x_wconf 88' lang='lat' dir='ltr'>T</span> <span class='ocrx_word' id='word_1_9' title='bbox 1291 587 1343 680; x_wconf 93' lang='lat' dir='ltr'>I</span> 
     </span>
     <span class='ocr_line' id='line_1_3' title="bbox 543 801 1141 874; baseline -0.007 0"><span class='ocrx_word' id='word_1_10' title='bbox 543 801 1141 874; x_wconf 83' lang='lat' dir='ltr'><strong>HISTORIAE.</strong></span> 
     </span>
    </p>
   </div>
   <div class='ocr_carea' id='block_1_3' title="bbox 522 1163 1162 1221">
    <p class='ocr_par' dir='ltr' id='par_1_3' title="bbox 522 1163 1162 1221">
     <span class='ocr_line' id='line_1_4' title="bbox 522 1163 1162 1221; baseline -0.005 0"><span class='ocrx_word' id='word_1_11' title='bbox 522 1164 784 1221; x_wconf 88' lang='lat' dir='ltr'><strong><em>LIBER</em></strong></span> <span class='ocrx_word' id='word_1_12' title='bbox 820 1163 1162 1219; x_wconf 83' lang='lat' dir='ltr'><strong><em>PRIMUS.</em></strong></span> 
     </span>
    </p>
   </div>
   <div class='ocr_carea' id='block_1_4' title="bbox 715 1327 983 1350">
    <p class='ocr_par' dir='ltr' id='par_1_4' title="bbox 715 1327 983 1350">
     <span class='ocr_line' id='line_1_5' title="bbox 715 1327 983 1350; baseline 0 1814"><span class='ocrx_word' id='word_1_13' title='bbox 715 1327 983 1350; x_wconf 95' lang='lat' dir='ltr'><strong> </strong></span> 
     </span>
    </p>
   </div>
   <div class='ocr_carea' id='block_1_5' title="bbox 511 1449 1175 1501">
    <p class='ocr_par' dir='ltr' id='par_1_5' title="bbox 511 1449 1175 1501">
     <span class='ocr_line' id='line_1_6' title="bbox 511 1449 1175 1501; baseline -0.003 -2"><span class='ocrx_word' id='word_1_14' title='bbox 511 1452 576 1500; x_wconf 82' lang='lat' dir='ltr'><strong>A.</strong></span> <span class='ocrx_word' id='word_1_15' title='bbox 601 1449 669 1501; x_wconf 89' lang='lat' dir='ltr'><strong>U.</strong></span> <span class='ocrx_word' id='word_1_16' title='bbox 695 1451 756 1500; x_wconf 90' lang='lat' dir='ltr'><strong>C.</strong></span> <span class='ocrx_word' id='word_1_17' title='bbox 776 1457 890 1499; x_wconf 79' lang='lat'><strong>822.</strong></span> <span class='ocrx_word' id='word_1_18' title='bbox 942 1449 984 1500; x_wconf 88' lang='lat' dir='ltr'><strong>J.</strong></span> <span class='ocrx_word' id='word_1_19' title='bbox 1010 1449 1069 1499; x_wconf 90' lang='lat' dir='ltr'><strong>C.</strong></span> <span class='ocrx_word' id='word_1_20' title='bbox 1094 1453 1175 1498; x_wconf 90' lang='lat'><strong>69.</strong></span> 
     </span>
    </p>
   </div>
   <div class='ocr_carea' id='block_1_6' title="bbox 67 1589 1657 2451">
    <p class='ocr_par' dir='ltr' id='par_1_6' title="bbox 67 1589 1657 2451">
     <span class='ocr_line' id='line_1_7' title="bbox 137 1589 1625 1674; baseline 0.001 -14"><span class='ocrx_word' id='word_1_21' title='bbox 137 1591 184 1660; x_wconf 59' lang='lat' dir='ltr'><strong>ls</strong></span> <span class='ocrx_word' id='word_1_22' title='bbox 209 1589 451 1660; x_wconf 72' lang='lat' dir='ltr'><strong>Im&#39;rmu</strong></span> <span class='ocrx_word' id='word_1_23' title='bbox 494 1605 610 1655; x_wconf 87' lang='lat' dir='ltr'><strong>mihi</strong></span> <span class='ocrx_word' id='word_1_24' title='bbox 643 1606 797 1673; x_wconf 89' lang='lat' dir='ltr'><strong>operis</strong></span> <span class='ocrx_word' id='word_1_25' title='bbox 831 1608 933 1658; x_wconf 90' lang='lat' dir='ltr'><strong>Ser.</strong></span> <span class='ocrx_word' id='word_1_26' title='bbox 957 1607 1115 1657; x_wconf 84' lang='lat' dir='ltr'><strong>Galba-</strong></span> <span class='ocrx_word' id='word_1_27' title='bbox 1134 1606 1322 1668; x_wconf 84' lang='lat' dir='ltr'><strong>iterum,</strong></span> <span class='ocrx_word' id='word_1_28' title='bbox 1356 1608 1416 1657; x_wconf 91' lang='lat' dir='ltr'><strong>T.</strong></span> <span class='ocrx_word' id='word_1_29' title='bbox 1441 1607 1625 1674; x_wconf 85' lang='lat' dir='ltr'><strong>Vinius,</strong></span> 
     </span>
     <span class='ocr_line' id='line_1_8' title="bbox 68 1684 1627 1755; baseline -0.001 -15"><span class='ocrx_word' id='word_1_30' title='bbox 68 1686 286 1741; x_wconf 81' lang='lat' dir='ltr'><strong>consules</strong></span> <span class='ocrx_word' id='word_1_31' title='bbox 300 1687 313 1708; x_wconf 84' lang='lat'><em>¹</em></span> <span class='ocrx_word' id='word_1_32' title='bbox 343 1695 496 1735; x_wconf 85' lang='lat' dir='ltr'><strong>erunt.</strong></span> <span class='ocrx_word' id='word_1_33' title='bbox 562 1684 691 1734; x_wconf 86' lang='lat' dir='ltr'><strong>Nam</strong></span> <span class='ocrx_word' id='word_1_34' title='bbox 725 1697 830 1751; x_wconf 88' lang='lat' dir='ltr'><strong>post</strong></span> <span class='ocrx_word' id='word_1_35' title='bbox 862 1685 1096 1735; x_wconf 87' lang='lat' dir='ltr'><strong>conditam</strong></span> <span class='ocrx_word' id='word_1_36' title='bbox 1126 1686 1312 1735; x_wconf 87' lang='lat' dir='ltr'>Urbem</span> <span class='ocrx_word' id='word_1_37' title='bbox 1333 1686 1627 1755; x_wconf 87' lang='lat' dir='ltr'><strong>octingentos</strong></span> 
     </span>
     <span class='ocr_line' id='line_1_9' title="bbox 67 1761 1657 1833; baseline 0.001 -18"><span class='ocrx_word' id='word_1_38' title='bbox 67 1780 116 1818; x_wconf 90' lang='lat' dir='ltr'><strong>et</strong></span> <span class='ocrx_word' id='word_1_39' title='bbox 140 1763 301 1833; x_wconf 81' lang='lat' dir='ltr'><strong>viginti</strong></span> <span class='ocrx_word' id='word_1_40' title='bbox 316 1761 482 1829; x_wconf 86' lang='lat' dir='ltr'><strong>prioris</strong></span> <span class='ocrx_word' id='word_1_41' title='bbox 503 1761 590 1812; x_wconf 77' lang='lat' dir='ltr'><strong>aevi</strong></span> <span class='ocrx_word' id='word_1_42' title='bbox 610 1778 758 1813; x_wconf 88' lang='lat' dir='ltr'><strong>annos</strong></span> <span class='ocrx_word' id='word_1_43' title='bbox 778 1763 914 1812; x_wconf 87' lang='lat' dir='ltr'><strong>multi</strong></span> <span class='ocrx_word' id='word_1_44' title='bbox 943 1774 1154 1812; x_wconf 83' lang='lat' dir='ltr'><strong>auctores</strong></span> <span class='ocrx_word' id='word_1_45' title='bbox 1177 1765 1468 1815; x_wconf 88' lang='lat' dir='ltr'><strong>retulerunt:</strong></span> <span class='ocrx_word' id='word_1_46' title='bbox 1506 1768 1624 1817; x_wconf 88' lang='lat' dir='ltr'><strong>dum</strong></span> <span class='ocrx_word' id='word_1_47' title='bbox 1654 1762 1657 1765; x_wconf 67' lang='grc'><strong>’</strong></span> 
     </span>
     <span class='ocr_line' id='line_1_10' title="bbox 69 1839 1629 1909; baseline -0.001 -15"><span class='ocrx_word' id='word_1_48' title='bbox 69 1861 148 1895; x_wconf 82' lang='lat' dir='ltr'><strong>res</strong></span> <span class='ocrx_word' id='word_1_49' title='bbox 166 1841 328 1909; x_wconf 89' lang='lat' dir='ltr'><strong>populi</strong></span> <span class='ocrx_word' id='word_1_50' title='bbox 347 1839 550 1890; x_wconf 87' lang='lat' dir='ltr'><strong>Romani</strong></span> <span class='ocrx_word' id='word_1_51' title='bbox 571 1841 967 1901; x_wconf 87' lang='lat' dir='ltr'><strong>memorabantur,</strong></span> <span class='ocrx_word' id='word_1_52' title='bbox 1001 1842 1099 1907; x_wconf 88' lang='lat' dir='ltr'><strong>pari</strong></span> <span class='ocrx_word' id='word_1_53' title='bbox 1122 1841 1385 1907; x_wconf 66' lang='lat' dir='ltr'><strong>eloquentia</strong></span> <span class='ocrx_word' id='word_1_54' title='bbox 1412 1860 1466 1892; x_wconf 88' lang='lat' dir='ltr'><strong>ac</strong></span> <span class='ocrx_word' id='word_1_55' title='bbox 1488 1844 1629 1893; x_wconf 87' lang='lat' dir='ltr'><strong>liber-</strong></span> 
     </span>
     <span class='ocr_line' id='line_1_11' title="bbox 69 1918 1628 1986; baseline 0.001 -15"><span class='ocrx_word' id='word_1_56' title='bbox 69 1933 194 1982; x_wconf 80' lang='lat' dir='ltr'><strong>tate3</strong></span> <span class='ocrx_word' id='word_1_57' title='bbox 241 1919 492 1985; x_wconf 64' lang='lat' dir='ltr'><strong>postquam</strong></span> <span class='ocrx_word' id='word_1_58' title='bbox 544 1918 770 1968; x_wconf 88' lang='lat' dir='ltr'><strong>bellatum</strong></span> <span class='ocrx_word' id='word_1_59' title='bbox 812 1920 938 1984; x_wconf 89' lang='lat' dir='ltr'><strong>apud</strong></span> <span class='ocrx_word' id='word_1_60' title='bbox 981 1920 1194 1980; x_wconf 88' lang='lat' dir='ltr'><strong>Actium,</strong></span> <span class='ocrx_word' id='word_1_61' title='bbox 1249 1933 1388 1986; x_wconf 88' lang='lat' dir='ltr'><strong>atque</strong></span> <span class='ocrx_word' id='word_1_62' title='bbox 1434 1939 1628 1972; x_wconf 90' lang='lat' dir='ltr'><strong>omnem</strong></span> 
     </span>
     <span class='ocr_line' id='line_1_12' title="bbox 70 1995 1630 2066; baseline 0.001 -18"><span class='ocrx_word' id='word_1_63' title='bbox 70 2001 374 2066; x_wconf 80' lang='lat' dir='ltr'><strong>potestatem²</strong></span> <span class='ocrx_word' id='word_1_64' title='bbox 405 1997 468 2046; x_wconf 81' lang='lat' dir='ltr'><strong>ad</strong></span> <span class='ocrx_word' id='word_1_65' title='bbox 502 2013 651 2047; x_wconf 87' lang='lat' dir='ltr'><strong>unum</strong></span> <span class='ocrx_word' id='word_1_66' title='bbox 685 1995 887 2047; x_wconf 86' lang='lat' dir='ltr'><strong>conferri</strong></span> <span class='ocrx_word' id='word_1_67' title='bbox 922 1998 1046 2063; x_wconf 86' lang='lat' dir='ltr'>pacis</span> <span class='ocrx_word' id='word_1_68' title='bbox 1082 1997 1308 2059; x_wconf 85' lang='lat' dir='ltr'><strong>interfuit,</strong></span> <span class='ocrx_word' id='word_1_69' title='bbox 1343 2015 1513 2066; x_wconf 84' lang='lat' dir='ltr'><strong>magna</strong></span> <span class='ocrx_word' id='word_1_70' title='bbox 1547 2000 1630 2050; x_wconf 86' lang='lat' dir='ltr'><strong>illa</strong></span> 
     </span>
     <span class='ocr_line' id='line_1_13' title="bbox 70 2075 1627 2144; baseline 0.001 -19"><span class='ocrx_word' id='word_1_71' title='bbox 70 2076 255 2144; x_wconf 82' lang='lat' dir='ltr'><strong>ingenia</strong></span> <span class='ocrx_word' id='word_1_72' title='bbox 297 2090 490 2126; x_wconf 84' lang='lat' dir='ltr'><strong>cessere.</strong></span> <span class='ocrx_word' id='word_1_73' title='bbox 571 2075 722 2126; x_wconf 84' lang='lat' dir='ltr'><strong>Simul</strong></span> <span class='ocrx_word' id='word_1_74' title='bbox 760 2076 926 2126; x_wconf 86' lang='lat' dir='ltr'><strong>veritas</strong></span> <span class='ocrx_word' id='word_1_75' title='bbox 963 2076 1176 2141; x_wconf 89' lang='lat' dir='ltr'><strong>pluribus</strong></span> <span class='ocrx_word' id='word_1_76' title='bbox 1213 2077 1365 2126; x_wconf 89' lang='lat' dir='ltr'><strong>modis</strong></span> <span class='ocrx_word' id='word_1_77' title='bbox 1398 2076 1627 2141; x_wconf 78' lang='lat' dir='ltr'><strong>infracta3</strong></span> 
     </span>
     <span class='ocr_line' id='line_1_14' title="bbox 70 2151 1630 2221; baseline 0.001 -19"><span class='ocrx_word' id='word_1_78' title='bbox 70 2154 283 2221; x_wconf 64' lang='lat' dir='ltr'><strong>primum</strong></span> <span class='ocrx_word' id='word_1_79' title='bbox 308 2151 486 2202; x_wconf 68' lang='lat' dir='ltr'><strong>inscitia</strong></span> <span class='ocrx_word' id='word_1_80' title='bbox 507 2153 793 2218; x_wconf 86' lang='lat' dir='ltr'><strong>reipublicae‚</strong></span> <span class='ocrx_word' id='word_1_81' title='bbox 826 2166 879 2202; x_wconf 93' lang='lat' dir='ltr'><strong>ut</strong></span> <span class='ocrx_word' id='word_1_82' title='bbox 900 2153 1080 2215; x_wconf 86' lang='lat' dir='ltr'><strong>alienae,</strong></span> <span class='ocrx_word' id='word_1_83' title='bbox 1114 2171 1230 2203; x_wconf 84' lang='lat' dir='ltr'><strong>mox</strong></span> <span class='ocrx_word' id='word_1_84' title='bbox 1259 2154 1447 2204; x_wconf 85' lang='lat' dir='ltr'><strong>libidine</strong></span> <span class='ocrx_word' id='word_1_85' title='bbox 1475 2172 1630 2205; x_wconf 85' lang='lat' dir='ltr'><strong>assen-</strong></span> 
     </span>
     <span class='ocr_line' id='line_1_15' title="bbox 70 2229 1629 2290; baseline 0.002 -10"><span class='ocrx_word' id='word_1_86' title='bbox 70 2229 214 2290; x_wconf 83' lang='lat' dir='ltr'><strong>tandi,</strong></span> <span class='ocrx_word' id='word_1_87' title='bbox 246 2241 327 2279; x_wconf 85' lang='lat' dir='ltr'><strong>aut</strong></span> <span class='ocrx_word' id='word_1_88' title='bbox 359 2242 526 2279; x_wconf 81' lang='lat' dir='ltr'><strong>rursus</strong></span> <span class='ocrx_word' id='word_1_89' title='bbox 560 2230 670 2279; x_wconf 88' lang='lat' dir='ltr'><strong>odio</strong></span> <span class='ocrx_word' id='word_1_90' title='bbox 703 2232 930 2281; x_wconf 77' lang='lat' dir='ltr'><strong>adversus</strong></span> <span class='ocrx_word' id='word_1_91' title='bbox 965 2232 1269 2290; x_wconf 75' lang='lat' dir='ltr'><strong>dominantes,</strong></span> <span class='ocrx_word' id='word_1_92' title='bbox 1339 2233 1407 2282; x_wconf 86' lang='lat' dir='ltr'><strong>Ita</strong></span> <span class='ocrx_word' id='word_1_93' title='bbox 1450 2234 1629 2283; x_wconf 84' lang='lat' dir='ltr'><strong>neutris</strong></span> 
     </span>
     <span class='ocr_line' id='line_1_16' title="bbox 72 2307 1629 2374; baseline 0.001 -16"><span class='ocrx_word' id='word_1_94' title='bbox 72 2324 185 2363; x_wconf 76' lang='lat' dir='ltr'><strong>cura</strong></span> <span class='ocrx_word' id='word_1_95' title='bbox 203 2307 494 2374; x_wconf 83' lang='lat' dir='ltr'><strong>posteritatis,</strong></span> <span class='ocrx_word' id='word_1_96' title='bbox 526 2307 647 2357; x_wconf 88' lang='lat' dir='ltr'><strong>inter</strong></span> <span class='ocrx_word' id='word_1_97' title='bbox 667 2307 889 2370; x_wconf 89' lang='lat' dir='ltr'><strong>infensos,</strong></span> <span class='ocrx_word' id='word_1_98' title='bbox 922 2309 997 2358; x_wconf 88' lang='lat' dir='ltr'><strong>vel</strong></span> <span class='ocrx_word' id='word_1_99' title='bbox 1026 2310 1287 2360; x_wconf 59' lang='lat' dir='ltr'><strong>obnoxios!</strong></span> <span class='ocrx_word' id='word_1_100' title='bbox 1355 2311 1451 2360; x_wconf 91' lang='lat' dir='ltr'><strong>Sed</strong></span> <span class='ocrx_word' id='word_1_101' title='bbox 1484 2312 1629 2360; x_wconf 89' lang='lat' dir='ltr'><strong>ambi-</strong></span> 
     </span>
     <span class='ocr_line' id='line_1_17' title="bbox 72 2385 1629 2451; baseline 0.001 -16"><span class='ocrx_word' id='word_1_102' title='bbox 72 2385 248 2435; x_wconf 85' lang='lat' dir='ltr'><strong>tionem</strong></span> <span class='ocrx_word' id='word_1_103' title='bbox 280 2385 547 2451; x_wconf 78' lang='lat' dir='ltr'><strong>scriptoris⁴</strong></span> <span class='ocrx_word' id='word_1_104' title='bbox 583 2386 719 2439; x_wconf 73' lang='lat' dir='ltr'><strong>facile</strong></span> <span class='ocrx_word' id='word_1_105' title='bbox 754 2388 1037 2438; x_wconf 84' lang='lat' dir='ltr'><strong>adverseris:</strong></span> <span class='ocrx_word' id='word_1_106' title='bbox 1056 2391 1071 2418; x_wconf 84' lang='lat'><em>⁵</em></span> <span class='ocrx_word' id='word_1_107' title='bbox 1118 2388 1391 2438; x_wconf 87' lang='lat' dir='ltr'><strong>obtrectatio</strong></span> <span class='ocrx_word' id='word_1_108' title='bbox 1425 2399 1471 2438; x_wconf 92' lang='lat' dir='ltr'><strong>et</strong></span> <span class='ocrx_word' id='word_1_109' title='bbox 1508 2389 1629 2437; x_wconf 87' lang='lat' dir='ltr'><strong>livor</strong></span> 
     </span>
    </p>
   </div>
   <div class='ocr_carea' id='block_1_7' title="bbox 77 2597 1630 2766">
    <p class='ocr_par' dir='ltr' id='par_1_7' title="bbox 77 2597 1630 2766">
     <span class='ocr_line' id='line_1_18' title="bbox 136 2597 1630 2659; baseline 0.003 -16"><span class='ocrx_word' id='word_1_110' title='bbox 136 2602 153 2621; x_wconf 82' lang='lat'>²</span> <span class='ocrx_word' id='word_1_111' title='bbox 189 2597 239 2643; x_wconf 78' lang='grc' dir='ltr'><strong>Τ.</strong></span> <span class='ocrx_word' id='word_1_112' title='bbox 265 2604 400 2645; x_wconf 76' lang='lat' dir='ltr'><strong>Vinius</strong></span> <span class='ocrx_word' id='word_1_113' title='bbox 434 2607 614 2646; x_wconf 78' lang='lat' dir='ltr'><strong>consules.</strong></span> <span class='ocrx_word' id='word_1_114' title='bbox 661 2607 814 2645; x_wconf 83' lang='lat' dir='ltr'><strong>Servius</strong></span> <span class='ocrx_word' id='word_1_115' title='bbox 941 2603 957 2627; x_wconf 79' lang='lat'><strong>³</strong></span> <span class='ocrx_word' id='word_1_116' title='bbox 1000 2606 1202 2646; x_wconf 74' lang='lat' dir='ltr'><strong>Obnoaeios.</strong></span> <span class='ocrx_word' id='word_1_117' title='bbox 1237 2607 1510 2659; x_wconf 63' lang='lat' dir='ltr'><strong>&#39;Principibus</strong></span> <span class='ocrx_word' id='word_1_118' title='bbox 1559 2609 1630 2647; x_wconf 88' lang='lat' dir='ltr'><strong>ob-</strong></span> 
     </span>
     <span class='ocr_line' id='line_1_19' title="bbox 78 2655 1629 2712; baseline 0.003 -15"><span class='ocrx_word' id='word_1_119' title='bbox 78 2655 279 2709; x_wconf 84' lang='lat' dir='ltr'><strong>Sulpicius</strong></span> <span class='ocrx_word' id='word_1_120' title='bbox 307 2660 438 2698; x_wconf 77' lang='lat' dir='ltr'><strong>Galba</strong></span> <span class='ocrx_word' id='word_1_121' title='bbox 464 2662 594 2699; x_wconf 58' lang='lat' dir='ltr'><strong>Caesar</strong></span> <span class='ocrx_word' id='word_1_122' title='bbox 623 2661 677 2699; x_wconf 88' lang='lat'><strong>11.</strong></span> <span class='ocrx_word' id='word_1_123' title='bbox 702 2661 830 2699; x_wconf 75' lang='lat' dir='ltr'><strong>Titus·</strong></span> <span class='ocrx_word' id='word_1_124' title='bbox 887 2663 1036 2708; x_wconf 85' lang='lat' dir='ltr'><strong>noxios,</strong></span> <span class='ocrx_word' id='word_1_125' title='bbox 1062 2662 1362 2712; x_wconf 73' lang='lat' dir='ltr'><strong>divitiarumque</strong></span> <span class='ocrx_word' id='word_1_126' title='bbox 1380 2671 1419 2701; x_wconf 80' lang='lat' dir='ltr'><strong>et</strong></span> <span class='ocrx_word' id='word_1_127' title='bbox 1435 2663 1629 2702; x_wconf 83' lang='lat' dir='ltr'><strong>honorum</strong></span> 
     </span>
     <span class='ocr_line' id='line_1_20' title="bbox 77 2711 1075 2766; baseline 0.004 -17"><span class='ocrx_word' id='word_1_128' title='bbox 77 2711 220 2750; x_wconf 79' lang='lat' dir='ltr'><strong>Vinius</strong></span> <span class='ocrx_word' id='word_1_129' title='bbox 250 2713 428 2761; x_wconf 84' lang='lat' dir='ltr'><strong>Rufinus,</strong></span> <span class='ocrx_word' id='word_1_130' title='bbox 470 2714 714 2754; x_wconf 77' lang='lat' dir='ltr'><strong>consulatum</strong></span> <span class='ocrx_word' id='word_1_131' title='bbox 744 2716 816 2753; x_wconf 81' lang='lat' dir='ltr'><strong>ini·</strong></span> <span class='ocrx_word' id='word_1_132' title='bbox 888 2728 1075 2766; x_wconf 87' lang='lat' dir='ltr'><strong>aucupes.</strong></span> 
     </span>
    </p>
   </div>
   <div class='ocr_carea' id='block_1_8' title="bbox 70 2766 1629 2924">
    <p class='ocr_par' dir='ltr' id='par_1_8' title="bbox 70 2766 1629 2924">
     <span class='ocr_line' id='line_1_21' title="bbox 70 2766 1629 2820; baseline 0.003 -17"><span class='ocrx_word' id='word_1_133' title='bbox 70 2778 140 2804; x_wconf 68' lang='lat' dir='ltr'><strong>ere</strong></span> <span class='ocrx_word' id='word_1_134' title='bbox 158 2768 210 2804; x_wconf 78' lang='lat' dir='ltr'><strong>A,</strong></span> <span class='ocrx_word' id='word_1_135' title='bbox 228 2766 279 2805; x_wconf 87' lang='lat' dir='ltr'><strong>U.</strong></span> <span class='ocrx_word' id='word_1_136' title='bbox 298 2767 347 2805; x_wconf 88' lang='lat' dir='ltr'><strong>C.</strong></span> <span class='ocrx_word' id='word_1_137' title='bbox 365 2771 458 2807; x_wconf 73' lang='lat'><strong>822.</strong></span> <span class='ocrx_word' id='word_1_138' title='bbox 476 2769 516 2808; x_wconf 91' lang='lat' dir='ltr'><strong>J.</strong></span> <span class='ocrx_word' id='word_1_139' title='bbox 536 2771 585 2808; x_wconf 84' lang='lat' dir='ltr'><strong>C.</strong></span> <span class='ocrx_word' id='word_1_140' title='bbox 602 2766 666 2813; x_wconf 85' lang='lat'><strong>69.</strong></span> <span class='ocrx_word' id='word_1_141' title='bbox 924 2796 926 2798; x_wconf 91' lang='lat'>-</span> <span class='ocrx_word' id='word_1_142' title='bbox 942 2767 961 2789; x_wconf 80' lang='lat'>⁴</span> <span class='ocrx_word' id='word_1_143' title='bbox 979 2769 1227 2807; x_wconf 76' lang='lat' dir='ltr'><strong>Ambitionem</strong></span> <span class='ocrx_word' id='word_1_144' title='bbox 1244 2770 1456 2820; x_wconf 59' lang='lat' dir='ltr'><strong>scriptoris.</strong></span> <span class='ocrx_word' id='word_1_145' title='bbox 1484 2770 1629 2809; x_wconf 85' lang='lat' dir='ltr'><strong>Princi-</strong></span> 
     </span>
     <span class='ocr_line' id='line_1_22' title="bbox 134 2816 1421 2875; baseline 0.003 -17"><span class='ocrx_word' id='word_1_146' title='bbox 134 2816 152 2834; x_wconf 90' lang='lat'>²</span> <span class='ocrx_word' id='word_1_147' title='bbox 171 2819 321 2859; x_wconf 79' lang='lat' dir='ltr'><strong>Omnem</strong></span> <span class='ocrx_word' id='word_1_148' title='bbox 335 2827 571 2872; x_wconf 75' lang='lat' dir='ltr'><strong>potestatem.</strong></span> <span class='ocrx_word' id='word_1_149' title='bbox 612 2822 725 2861; x_wconf 68' lang='lat' dir='ltr'><strong>Forte</strong></span> <span class='ocrx_word' id='word_1_150' title='bbox 743 2836 817 2860; x_wconf 81' lang='lat' dir='ltr'><strong>om·</strong></span> <span class='ocrx_word' id='word_1_151' title='bbox 889 2835 978 2875; x_wconf 79' lang='lat' dir='ltr'><strong>pem</strong></span> <span class='ocrx_word' id='word_1_152' title='bbox 995 2823 1198 2861; x_wconf 67' lang='lat' dir='ltr'><strong>ambitiosi:</strong></span> <span class='ocrx_word' id='word_1_153' title='bbox 1215 2823 1421 2862; x_wconf 75' lang='lat' dir='ltr'><strong>laudantis.</strong></span> 
     </span>
     <span class='ocr_line' id='line_1_23' title="bbox 78 2873 1629 2924; baseline 0.004 -13"><span class='ocrx_word' id='word_1_154' title='bbox 78 2873 183 2911; x_wconf 75' lang='lat' dir='ltr'><strong>nium</strong></span> <span class='ocrx_word' id='word_1_155' title='bbox 223 2876 444 2924; x_wconf 82' lang='lat' dir='ltr'><strong>potentiam.</strong></span> <span class='ocrx_word' id='word_1_156' title='bbox 518 2877 623 2916; x_wconf 79' lang='lat' dir='ltr'><strong>Vide</strong></span> <span class='ocrx_word' id='word_1_157' title='bbox 663 2883 743 2915; x_wconf 87' lang='lat' dir='ltr'><strong>not.</strong></span> <span class='ocrx_word' id='word_1_158' title='bbox 779 2884 819 2914; x_wconf 88' lang='lat' dir='ltr'><strong>et</strong></span> <span class='ocrx_word' id='word_1_159' title='bbox 962 2874 975 2896; x_wconf 81' lang='lat'><em>⁵</em></span> <span class='ocrx_word' id='word_1_160' title='bbox 1026 2878 1265 2917; x_wconf 73' lang='lat' dir='ltr'><strong>Adverseris.</strong></span> <span class='ocrx_word' id='word_1_161' title='bbox 1337 2878 1482 2917; x_wconf 63' lang='lat' dir='ltr'><strong>Melius</strong></span> <span class='ocrx_word' id='word_1_162' title='bbox 1531 2878 1629 2920; x_wconf 65' lang='lat' dir='ltr'><strong>forte</strong></span> 
     </span>
    </p>
   </div>
   <div class='ocr_carea' id='block_1_9' title="bbox 82 2926 1090 2979">
    <p class='ocr_par' dir='ltr' id='par_1_9' title="bbox 82 2926 1090 2979">
     <span class='ocr_line' id='line_1_24' title="bbox 82 2926 1090 2979; baseline 0.005 -16"><span class='ocrx_word' id='word_1_163' title='bbox 82 2926 232 2965; x_wconf 81' lang='lat' dir='ltr'><strong>emend.</strong></span> <span class='ocrx_word' id='word_1_164' title='bbox 251 2928 301 2966; x_wconf 80' lang='lat' dir='ltr'><strong>ad</strong></span> <span class='ocrx_word' id='word_1_165' title='bbox 321 2929 423 2968; x_wconf 86' lang='lat' dir='ltr'><strong>Hist.</strong></span> <span class='ocrx_word' id='word_1_166' title='bbox 437 2942 469 2969; x_wconf 72' lang='lat'><strong>1.</strong></span> <span class='ocrx_word' id='word_1_167' title='bbox 491 2933 527 2970; x_wconf 87' lang='lat'><strong>1.</strong></span> <span class='ocrx_word' id='word_1_168' title='bbox 847 2975 850 2979; x_wconf 47' lang='grc'>,</span> <span class='ocrx_word' id='word_1_169' title='bbox 892 2932 1090 2969; x_wconf 75' lang='lat' dir='ltr'><strong>averseris.</strong></span> 
     </span>
    </p>
   </div>
  </div>
 </body>
</html>
