1786 3204
49 189 89 229 J.
115 189 164 228 e.
192 185 256 233 692
391 176 779 224 msTORtARUM
808 179 973 224 LIBER
999 182 1246 224 TERTms.
1511 194 1589 231 2122

1156 254 1163 279 1

42 298 83 323 ,u
98 295 103 298 “
117 292 251 340 diem
295 303 574 354 noctemque
618 287 843 348 fudisset,¹
898 284 948 336 id
1002 289 1387 353 pulcherrimum,
1430 305 1477 342 et
1519 296 1591 344 sui

52 373 86 405 ‘-‘
118 369 303 434 operis:
353 384 512 417 casum
556 369 806 416 Cremonae
850 365 975 414 bello
1018 366 1369 430 imputandum:
1417 373 1591 437 majore

53 452 98 475 “·
117 448 307 506 damno,
330 446 535 509 plurium
557 443 744 492 urbium
777 442 984 502 excidiis,
1014 455 1190 492 veteres
1219 444 1389 494 civium
1419 448 1590 497 discor-

53 521 212 583 “*,dias
233 523 497 587 reipublicae
519 521 706 569 stetisse.
775 520 889 568 Non
911 536 960 568 se
982 521 1168 579 nuntiis,
1196 537 1348 587 neque
1371 525 1588 590 epistolis,

53 607 83 629 ‘⁶
117 603 198 650 sed
243 617 385 649 manu
430 611 475 647 et
520 598 657 646 armis
701 597 972 661 Imperatori
1023 614 1109 646 suo
1161 599 1383 650 militare:
1434 620 1589 670 neque

52 685 83 707 “
117 679 302 728 officere
325 678 486 744 gloriae
510 693 692 735 eorum,
723 675 802 740 qui
825 676 987 724 Asiam
1008 675 1190 723 interim
1214 683 1587 742 composuerint:

51 763 81 784 “
113 757 202 805 illis
237 756 419 805 Moesiae
455 770 635 819 pacem,
670 753 754 802 sibi
788 754 982 805 salutem
1017 754 1398 820 securitatemque
1427 760 1592 820 Italiae,

52 840 82 861 “
116 835 247 883 cordi
270 833 422 882 fuisse.
492 832 596 881 Suis
619 831 1012 888 exhortationibus
1037 832 1211 880 Gallias
1234 833 1592 901 Hispaniasque,

50 917 81 939 “
115 911 434 960 validissimam
469 921 697 957 terrarum
734 921 928 973 partem,
959 909 1016 956 ad
1042 909 1370 972 Vespasianum
1394 914 1592 962 convers

52 995 84 1017 “
117 1007 201 1039 sas.
273 989 366 1048 Sed
397 988 610 1036 cecidisse
630 987 679 1034 in
701 987 889 1034 inritum
912 987 1108 1044 laboreS,
1132 987 1181 1034 si,
1199 989 1387 1050 praemia
1408 991 1587 1053 pericu-

53 1073 82 1094 “
116 1068 272 1116 lorum
315 1066 402 1114 soli
443 1066 769 1129 adsequantur,
809 1063 889 1129 qui
922 1063 1136 1129 periculis
1169 1080 1264 1111 non
1303 1065 1586 1117 adfuerint.’'

48 1147 151 1194 Nec
181 1142 387 1193 fefellere
417 1161 470 1192 ea
495 1143 795 1191 Mucianum:
832 1142 940 1191 inde
962 1159 1124 1207 graves
1146 1140 1430 1203 simultate83
1468 1164 1584 1210 quas

48 1222 281 1271 Antonius
325 1221 594 1285 simplicius,
650 1220 896 1269 MucIanus
948 1219 1130 1279 callide,
1176 1220 1329 1284 eoque
1371 1221 1586 1288 implaca-

48 1300 189 1349 bilius
209 1299 452 1347 nutriebat.

115 1463 195 1503 54.
231 1457 315 1502 AT
340 1453 567 1512 Vitellius,
590 1451 744 1500 fractis
767 1453 889 1516 apud
915 1453 1197 1500 Cremonam
1220 1455 1375 1514 rebus,
1399 1458 1587 1511 nuntios

47 1533 188 1582 cladis
210 1532 462 1588 occultans,
485 1530 623 1579 stulta
646 1529 1019 1589 dissimulatione,
1041 1531 1243 1582 remedia
1264 1533 1421 1595 potius
1443 1536 1587 1584 malo-

41 1627 172 1669 rum,
195 1609 338 1674 quam
360 1609 495 1667 mala,
518 1607 770 1656 differebat.
841 1607 1028 1671 Quippe
1059 1609 1294 1656 confitenti
1325 1613 1588 1660 consultan-

8 1697 13 1702 '
49 1687 174 1752 tique
196 1697 467 1751 supererant
485 1702 587 1749 spes
609 1685 841 1748 viresque:
868 1684 982 1733 cum
1001 1684 1026 1732 ὲ
1051 1686 1282 1733 contrario
1305 1687 1409 1735 laeta
1431 1690 1588 1738 omnia

47 1766 260 1829 fingeret,
304 1761 426 1811 falsis
469 1763 846 1828 ingravescebat?
929 1761 1109 1809 Mirum
1160 1764 1282 1827 apud
1326 1764 1479 1828 ipsum
1524 1767 1585 1816 de

45 1842 169 1891 bello
205 1840 462 1889 silentium:
499 1840 714 1904 prohibiti
753 1855 836 1903 per
874 1839 1100 1888 civitatem
1139 1852 1392 1901 sermones,
1428 1843 1584 1908 eoque

45 1919 201 1982 plures
221 1935 233 1966 :
269 1935 339 1976 ac,
371 1917 408 1965 si
431 1918 603 1975 liceret,
625 1933 734 1964 vera
753 1916 1000 1975 narraturi,
1023 1916 1130 1980 quia
1151 1919 1439 1979 vetabantur,
1462 1932 1585 1970 atro·-

47 1996 171 2043 ciora
214 1996 526 2060 vulgaverant.
595 1995 698 2042 Nec
745 1995 887 2043 duces
930 1994 1133 2042 hostium
1177 1997 1402 2060 augendae
1445 1995 1584 2048 famae

47 2073 252 2131 deerant,
286 2084 442 2136 captos
478 2071 648 2119 Vitellii
681 2072 1015 2136 exploratores,
1051 2071 1502 2139 circumductosque,
1533 2088 1587 2124 ut

45 2151 221 2198 robora
262 2149 445 2198 victoris
500 2149 733 2197 exercitus
781 2161 1041 2208 noscerent,
1091 2149 1397 2208 remittendo:
1466 2169 1586 2216 quos

45 2243 206 2275 omnes
228 2226 438 2274 Vitellius
459 2227 636 2274 secreto
662 2238 1002 2290 percunctatuS,
1024 2209 1389 2292 interficffjussit.
1438 2229 1489 2276 N
1490 2241 1585 2277 ota-

44 2303 124 2352 bili
159 2303 411 2352 constantia
445 2304 670 2362 centurio,
704 2303 852 2352 Julius
887 2302 1115 2368 Agrestis,
1148 2315 1252 2367 post
1286 2304 1463 2354 multos
1488 2322 1584 2354 ser-

45 2397 224 2439 mones,
259 2380 425 2445 quibus
460 2381 698 2429 Vitellium
737 2381 797 2428 ad
832 2380 1048 2428 virtutem
1082 2378 1252 2427 frustra
1287 2382 1583 2443 accendebat,

45 2457 245 2521 perpulit
289 2469 341 2505 ut
384 2459 443 2506 ad
487 2459 605 2506 vires
644 2458 846 2506 hostium
890 2457 1173 2522 spectandaS,
1219 2474 1418 2522 quaeque
1458 2462 1585 2524 apud

46 2534 329 2582 Cremonam
359 2547 458 2583 acta
479 2534 650 2593 forent,
683 2535 779 2599 ipse
801 2535 1072 2582 mitteretur.
1140 2535 1243 2582 Nec
1267 2534 1584 2598 exploratione

45 2610 228 2658 occulta
254 2610 413 2660 fallere
435 2612 695 2660 Antonium
730 2611 934 2670 tentavit,
967 2613 1049 2659 sed
1085 2615 1119 2638 “
1142 2611 1355 2659 mandata
1382 2613 1585 2677 Impera.

49 2691 79 2713 ‘⁴
110 2688 224 2737 ¹toris
245 2700 475 2753 suumque
497 2689 703 2737 animum
718 2689 749 2710 '’
775 2686 1025 2753 professus,
1049 2692 1083 2716 “
1107 2699 1158 2735 ut
1181 2699 1346 2737 cuncta
1361 2688 1581 2751 viseret,’'

111 2804 135 2828 l

52 2888 58 2894 ¹
102 2899 115 2918 ¹
149 2901 333 2943 Fudisset.
373 2904 499 2956 Supra
533 2918 619 2956 cap.
651 2910 699 2945 21
739 2913 777 2946 et
895 2902 912 2920 ²
942 2904 1246 2956 Ingravescebac.
1287 2903 1406 2942 Falsis
1420 2905 1581 2944 narrati·

46 2967 123 3006 seq·
843 2959 980 2998 onibus
998 2959 1143 2998 malum
1163 2959 1456 3010 ingravescebat.
