2242 3996
230 171 333 225 506
510 161 512 163 ’
743 166 955 219 NOTAE
990 165 1079 216 ET
1113 164 1672 218 EMENDATIONES

235 312 345 353 non
362 297 541 351 minax
564 296 816 350 tristibus.
862 350 865 353 ,
891 295 957 349 In
982 294 1113 350 MS.
1142 294 1308 349 Corb.
1332 313 1438 349 non
1453 295 1639 350 minus·
1714 295 1992 353 Rbenanus
2011 306 2175 357 tento·

238 395 351 459 bat,
377 411 480 445 mm
503 391 674 444 minis
2110 460 2114 462 ‚

316 485 389 539 In
424 485 679 559 gaudium
716 484 899 538 evicta.
927 529 951 538 a
975 481 1122 535 Bene
1168 481 1342 535 MSS.
1381 480 1526 535 Flor.
1564 481 1721 537 Harl.
1756 481 1871 539 JeS.
1900 484 2031 557 Agr.
2053 485 2175 543 Jac.

243 580 544 636 Gronovius
582 587 634 632 et
674 578 1002 632 recentiores.
1075 574 1141 628 In
1179 574 1351 629 MSS.
1399 574 1534 646 Reg.
1576 573 1736 630 Bodl.
1773 587 1828 631 et
1863 577 2175 636 editionibus

239 677 517 739 veteribus,
556 682 745 727 evecta.
821 670 1018 725 Mallet
1043 667 1300 739 Nicolaus
1325 667 1592 736 Heinsius,
1616 679 1804 725 erecta.
1880 672 1987 726 Sed
2008 674 2177 731 evicta

241 769 328 822 hic
364 766 601 836 usurpari
640 766 855 832 videtur,
901 775 957 818 ut
1000 783 1155 834 supra
1195 761 1381 816 Annal.
1426 781 1517 818 xl.
1555 770 1646 825 37.
1684 768 1723 798 “
1749 765 2018 836 Supremis
2065 767 2177 844 ejus

241 860 632 916 necessitatibus
652 861 716 912 ad
741 857 1119 913 miserationem
1148 855 1313 911 evicta
1330 854 1486 910 erat.''

320 1048 471 1103 CAP.
498 1050 585 1103 65.
626 1022 1104 1119 Interpretabatur.
1179 1042 1374 1098 Mallet
1401 1041 1669 1113 Ernestus,
1711 1054 1762 1101 et
1797 1045 2178 1119 interpretaba-

247 1150 355 1209 tur,
381 1142 461 1196 vel
487 1142 1040 1234 interpretabaturque.
1866 1163 1870 1171 ’

319 1237 411 1291 Ex
447 1236 785 1290 orationibus
861 1235 1008 1288 Bene
1047 1232 1326 1288 Rhenanus
1351 1241 1403 1287 et
1440 1232 1768 1288 recentiores
1844 1233 1933 1288 Sic
1971 1252 2180 1307 quoque

248 1332 578 1384 emendatum
615 1330 693 1382 in
686 1328 832 1383 M.S
858 1326 1012 1382 Harl.
1087 1326 1370 1398 Perperam
1407 1325 1580 1382 MSS.
1606 1337 1660 1382 et
1694 1337 1890 1383 veteres
1912 1327 2182 1399 editiones,

249 1423 706 1480 exhortationibus.

322 1497 525 1571 Pinari
547 1516 705 1570 ultro.
779 1516 910 1572 MS.
938 1515 1101 1570 corb.
1118 1515 1305 1586 puniri
1329 1514 1414 1569 vel
1441 1513 1600 1569 ultro.

327 1611 616 1665 Comitatui
660 1610 947 1683 Principis.
1021 1610 1105 1665 Ita
1142 1609 1316 1664 MSS.
1342 1608 1486 1663 Flor.
1513 1607 1670 1662 Bodl.
1699 1607 1863 1663 Corb.
1902 1610 2184 1666 Rhenanus
2218 1669 2226 1684 ἱ

252 1715 306 1760 et
329 1705 654 1759 recentiores,
729 1705 793 1758 ln
818 1704 948 1758 MS.
970 1704 1106 1775 Reg.
1131 1714 1183 1757 et
1208 1701 1517 1757 editionibus
1541 1701 1817 1770 veteribus,
1842 1703 2109 1762 comitatu.

326 1799 469 1854 Eum
504 1799 755 1853 Tiberius.
833 1799 979 1852 Bene
1006 1797 1237 1852 Pichena
1260 1807 1314 1850 et
1335 1795 1662 1851 recentiores,
1735 1795 1802 1850 In
1840 1781 2013 1853 MSS.
2038 1796 2183 1855 Flor.
2207 1869 2211 1874 Ι

251 1894 390 1965 Reg.
434 1904 486 1948 et
524 1893 746 1948 editione
793 1892 1045 1964 principe,
1088 1891 1404 1946 Arruntium
1450 1890 1500 1944 T
1496 1890 1718 1945 iberius.-
1755 1891 1954 1946 duabus
1994 1910 2190 1965 nempe,

252 1988 507 2043 vocibus
494 2009 548 2042 1n
573 2008 728 2041 unam
754 1986 1005 2054 conflatiS,
1032 1982 1627 2041 Avruntzzeum.1n
1653 1983 1825 2040 MSS.
1850 1984 2003 2047 Harl.
2025 1985 2184 2043 Bodl.

253 2083 293 2140 J
298 2103 370 2137 es
395 2092 448 2136 et
475 2082 813 2146 Puteolanus,
834 2099 980 2152 quem
1010 2079 1265 2134 Tiberius.

331 2176 573 2232 Bolanus
612 2175 638 2229 ὲ
675 2174 1029 2246 praesentibus.
1105 2173 1373 2248 Angebat.
1448 2171 1595 2227 Bene
1644 2171 1818 2227 MSS.
1859 2171 2002 2228 Flor.
2050 2172 2186 2244 Reg.

256 2270 412 2325 editio
432 2270 672 2341 princeps
695 2279 747 2321 et
770 2268 1093 2322 recentiores
1169 2267 1322 2354 Male
1346 2266 1642 2322 distinxerat
1666 2265 2001 2335 Puteolanus,
2018 2263 2187 2323 Bola-

257 2383 371 2419 ηαδ.
445 2363 500 2417 Ε
514 2362 873 2435 Ρνσεεεητίὂαε,
898 2362 985 2426 &a

332 2548 486 2603 CAP.
511 2549 599 2603 66.
639 2546 882 2603 Arsisset‘.
955 2546 1105 2601 Unus
1132 2547 1263 2602 MS.
1287 2547 1419 2619 Agr.
1444 2545 1722 2602 exarsisset.

333 2641 384 2697 J
380 2643 526 2716 ungi,
550 2652 608 2696 ut
612 2642 774 2713 fidos.
851 2641 996 2695 Bene
1022 2641 1196 2696 MSS.
1214 2652 1267 2695 et
1285 2652 1479 2696 veteres
1504 2660 1565 2695 ac
1589 2637 1898 2695 recentiores
1921 2636 2188 2696 editiones.

258 2735 323 2790 In
350 2737 530 2791 mediis
555 2736 880 2803 editionibus,
899 2745 957 2789 at
963 2735 1106 2807 fidos
1113 2736 1320 2808 jungit.

340 2829 865 2884 Obliteratam.1ta
907 2829 1039 2885 MS.
1083 2829 1266 2884 Guelf.
1310 2828 1588 2882 Rhenanus
1634 2836 1688 2883 et
1726 2825 2053 2885 recentiores·
2122 2823 2192 2886 In

262 2924 437 2979 MSS.
464 2924 599 2994 Reg.
626 2923 779 2978 Harl.
795 2934 846 2977 et
871 2921 1178 2977 editionibus
1203 2922 1478 2990 veteribus,
1503 2921 1835 2976 obliteratum
1857 2929 1950 2977 est.

337 3017 583 3089 Degressi
607 3026 743 3071 sunt.
817 3016 964 3071 Bene
990 3017 1120 3072 MS.
1142 3016 1285 3071 Flor.
1312 3015 1543 3070 Pichena
1567 3026 1619 3069 et
1642 3013 1969 3071 recentiores,
2014 3011 2192 3086 Vulgo

261 3110 477 3184 digressi
498 3120 634 3167 sant.

1591 3202 1617 3239 W

338 3296 488 3350 CAP.
524 3299 613 3357 67.
655 3297 917 3369 Separati.
993 3295 1138 3351 Bene
1164 3295 1338 3350 MSS.
1374 3294 1517 3350 Flor.
1542 3293 1698 3350 Harl.
1722 3293 1882 3348 Bodl.
1910 3292 2024 3350 Jes.
2049 3270 2190 3349 Bud.

267 3390 429 3445 Corb.
458 3391 639 3444 Guelf.
665 3392 946 3446 Rhenanus
972 3404 1024 3445 et
1042 3390 1366 3449 recentiores.
1409 3387 1472 3445 In
1493 3388 1625 3447 MS.
1653 3387 1787 3461 Reg.
1813 3397 1867 3445 et
1880 3385 2192 3446 editionibus

266 3484 540 3553 veteribuS,
565 3495 829 3558 separata.
2092 3511 2094 3513 ’
