1760 3210
77 167 118 212 3.
135 169 186 209 C.
191 169 291 213 70
432 161 823 203 HISTORIARUM
849 161 1015 201 LIBER
1043 162 1301 209 QUINTUS.

78 270 252 331 castris,
273 267 345 318 uti
365 267 601 326 diximus‚¹
633 277 742 315 ante
775 265 949 315 moenia
975 264 1412 331 Hierosolymorum
1446 267 1621 331 positiS‚
1679 288 1683 298 ·

78 350 324 402 instructas
340 346 545 412 legiones
562 343 839 395 ostentavit.²

1540 163 1620 205 36⁵

153 503 175 543 1
188 502 229 543 1.
263 495 290 543 J
293 507 436 540 UDAEt
460 492 547 539 sub
567 489 690 555 ipsos
713 503 873 536 muros
894 497 1107 537 struxere
1123 488 1285 549 aciem,
1301 491 1441 539 rebus
1463 507 1627 541 secum

80 571 153 622 dis
195 571 385 636 longius
427 567 615 627 ausuri3
659 578 723 625 et,
762 566 800 614 si
843 565 1141 629 pellerentur,
1188 579 1345 631 parato
1390 567 1621 634 perfugio.

83 649 256 699 Missus
294 648 342 694 in
380 663 459 694 eos
498 661 639 708 eques
683 659 792 691 cum
827 642 1051 706 expeditis
1079 644 1362 704 cohortibus,
1407 647 1624 712 ambigue

84 725 287 775 certavit.
294 728 306 752 ³
372 724 494 770 Mox
515 738 691 770 cessere
714 721 885 780 hostes,
908 731 953 767 et
975 721 1269 784 sequentibus
1287 723 1447 770 diebus
1465 725 1627 773 crebra

82 821 172 871 pro
207 802 350 891 portis
378 800 535 865 praelia
571 800 815 858 serebant,
867 799 1014 846 donec
1052 798 1243 847 assiduis
1278 800 1472 858 damnis,
1506 801 1628 851 intra

86 880 259 939 moenia
301 879 596 943 pellerentur.
668 867 870 923 Romani
914 877 973 923 ad
978 877 1395 961 oppugnandum
1444 879 1594 927 versi.

87 963 239 1023 neque
278 956 402 1005 enim
437 955 632 1020 dignum
671 954 927 1012 videbatur,
967 937 1138 1002 fainem
1182 954 1384 1002 hosfium
1428 956 1626 1020 operiri:

86 1036 428 1103 poscebantque
450 1032 670 1097 pericula,
692 1048 798 1096 pars
837 1031 1021 1090 virtute,
1058 1032 1191 1080 multi
1213 1031 1406 1092 ferocia,
1436 1045 1482 1080 et
1504 1034 1630 1098 cupi-

54 1160 64 1166 ,
86 1113 196 1162 dine
219 1111 531 1176 praemiorum.
600 1110 691 1174 Ipsi
707 1109 816 1157 Tito
843 1110 1013 1168 Roma,
1049 1121 1095 1157 et
1118 1127 1246 1174 opes,
1280 1110 1630 1175 voluptatesque

87 1202 195 1240 ante
217 1189 409 1248 oculos;
444 1204 515 1247 ac,
538 1187 586 1235 ni
608 1187 758 1235 statim
779 1186 1103 1251 Hierosolyma
1123 1187 1437 1247 conciderent,
1459 1188 1631 1235 morari

88 1268 376 1318 videbantur.
446 1265 539 1314 Sed
585 1267 767 1324 urbem,
812 1265 1004 1312 arduam
1049 1264 1155 1324 situ,
1211 1282 1351 1329 opera
1390 1265 1630 1331 molesque

89 1345 402 1402 firmaverant,
425 1343 554 1408 queis
575 1342 649 1391 vel
681 1343 816 1407 plana
850 1342 954 1390 satis
988 1341 1293 1392 munirentur.
1362 1343 1488 1390 Nam
1512 1343 1631 1391 duos

90 1422 267 1481 colles,⁵
287 1421 571 1469 immensum
593 1420 754 1480 editos,
777 1421 1052 1469 claudebant
1089 1420 1210 1468 muri
1232 1437 1316 1484 per
1338 1432 1484 1468 artem
1517 1420 1632 1469 obli-

88 1496 209 1566 qui,⁶
229 1510 309 1549 aut
329 1498 552 1557 introrsus
574 1497 754 1558 sinuati,
783 1509 836 1547 ut
865 1499 1006 1547 latera
1028 1498 1412 1563 oppugnantium,
1434 1499 1493 1547 ad
1514 1498 1632 1548 ictus

149 1721 163 1739 ¹
196 1721 269 1761 Uti
287 1722 456 1760 diximus.
491 1722 618 1773 Supra
635 1724 723 1773 cap.
744 1733 774 1760 1.
790 1736 828 1774 p.

95 1779 190 1822 294.
209 1783 288 1815 not.
305 1789 390 1827 sup.

953 1720 973 1743 ⁴¹
992 1722 1056 1760 Ad
1072 1722 1357 1772 oppugnandum
1375 1722 1488 1761 versi.
1520 1721 1556 1760 Τ
1558 1736 1632 1763 unc

900 1776 1011 1814 Titus
1036 1784 1161 1814 castra
1179 1777 1308 1826 posuit
1326 1776 1375 1813 ad
1394 1777 1529 1814 turrim
1547 1778 1634 1815 Pse-

151 1827 167 1846 ²
196 1827 424 1872 ostentavit.
453 1828 654 1880 Eleganter
667 1830 828 1868 dictum.

92 1880 207 1923 'rit'us
225 1884 340 1930 enim,
358 1884 448 1922 cum
461 1882 484 1920 ὲ
499 1883 703 1934 Spinarum
717 1883 828 1931 valle,

92 1935 159 1976 'uti
187 1938 356 1975 diximus
381 1950 498 1988 snpra
515 1950 601 1987 cap.
620 1949 650 1974 1.
669 1938 719 1975 ad
739 1938 830 1976 Sco-

93 2005 205 2044 pum,
222 1991 278 2029 ita
290 1991 543 2042 appellatum,
564 1991 668 2040 quod
685 1991 772 2029 inde
790 1992 829 2029 in

89 2047 232 2091 ·‚urbem
278 2044 553 2095 templumque,
587 2046 830 2096 Septemtrio-

97 2112 185 2139 nem
203 2112 341 2145 versus,
355 2105 436 2136 erat
451 2106 686 2148 prospectus,
704 2108 831 2137 castra

97 2153 358 2205 promovisset,
401 2152 563 2202 legiones
617 2152 830 2191 ostentavit.

97 2207 200 2245 Tum
215 2207 264 2244 ab
280 2206 553 2256 Hierosolymis
569 2205 735 2244 distabat
750 2213 831 2244 tan·

98 2260 185 2299 tum
200 2270 343 2310 septem
361 2260 505 2298 stadiis,
563 2260 715 2305 Quinta
732 2260 830 2311 legio

97 2320 305 2354 retrorsum
322 2313 444 2351 tribus
459 2313 590 2351 stadiis
607 2322 732 2352 castra
749 2327 833 2352 mu·

99 2368 182 2406 nire
211 2367 343 2417 jussa:
385 2367 535 2405 decima
570 2374 700 2405 autem
733 2367 831 2418 legio

94 2421 215 2472 juxta
230 2429 397 2459 montem
415 2420 616 2467 Olearum,
635 2421 831 2459 Orientem

99 2474 240 2524 versus,
267 2487 333 2512 sex
364 2475 413 2512 ab
439 2476 533 2511 urbe
563 2475 692 2513 stadiis
710 2482 834 2513 castra

100 2535 244 2568 metata
260 2535 329 2566 est.
355 2528 510 2578 Joseph.
524 2528 621 2568 Bell.
634 2529 656 2567 J
662 2529 728 2567 ud.
745 2542 784 2567 v.
795 2534 834 2568 2.

100 2595 140 2622 n.
157 2586 196 2621 3.

154 2632 170 2655 ³
209 2634 392 2687 Ambiguh
420 2635 596 2674 certavit.
643 2635 740 2674 Haec
769 2641 838 2673 aut

96 2689 269 2729 ‚modeste
288 2689 460 2735 Tacitus,
478 2695 547 2726 aut
558 2690 752 2739 jactanter
773 2689 839 2727 Jo-

101 2743 254 2794 bephuS,
287 2742 354 2793 qui
386 2750 424 2780 et
459 2743 576 2780 ferme
611 2756 833 2793 oppressum

100 2794 249 2843 Titum,
269 2804 307 2834 et
324 2797 455 2834 castris
476 2796 555 2834 suis
571 2796 722 2847 pulsam
736 2796 837 2834 deci-

103 2861 208 2887 mam
234 2825 419 2900 legionem
437 2856 642 2896 memorat.
679 2850 834 2902 Joseph.

103 2902 310 2950 BelLJud.
324 2915 366 2944 v.
378 2907 416 2946 2.
433 2915 472 2943 n.
493 2907 531 2944 2.
551 2907 626 2943 4et
645 2907 683 2941 5.

902 1830 1072 1880 phinam‚
1090 1842 1193 1867 nunc
1212 1829 1340 1868 castel
1367 1830 1520 1876 Pisano,
1546 1843 1634 1880 quae

901 1892 982 1922 erat
1013 1884 1051 1921 in
1082 1883 1222 1934 angulo
1239 1884 1289 1920 ad
1319 1884 1633 1934 septemtrionem

900 1945 939 1975 ct
961 1937 1226 1976 Occidentem.
1247 1937 1404 1987 Joseph.
1426 1938 1524 1976 Bell.
1538 1939 1634 1977 Jud.

903 2004 943 2028 v.
954 1995 991 2029 4.
1007 2004 1045 2028 n.
1062 1995 1102 2030 3.

957 2043 970 2065 ⁵
1003 2045 1110 2083 Duos
1127 2045 1251 2083 colles.
1308 2045 1402 2082 Duo
1421 2045 1478 2083 illi
1495 2045 1636 2096 praeci-

903 2099 969 2149 pui
987 2098 1103 2137 colles
1122 2098 1288 2148 Josepho
1313 2111 1468 2149 quoque
1495 2112 1639 2138 merno-

903 2153 974 2189 rati
992 2159 1093 2199 sunt,
1111 2154 1216 2190 Aera
1233 2153 1282 2189 ad
1308 2153 1638 2202 Septcmtrionem,

902 2212 941 2243 et
975 2206 1066 2243 Sion
1101 2206 1150 2244 ad
1184 2206 1400 2244 Meridiem.
1455 2208 1500 2245 In
1537 2207 1638 2245 colle

904 2259 1009 2298 Aera
1027 2266 1107 2297 crat
1137 2260 1225 2297 urbs
1255 2260 1421 2306 inferior,
1453 2261 1518 2298 cui
1547 2262 1639 2300 urbs

904 2325 1000 2351 nova
1018 2313 1056 2350 in
1079 2313 1178 2352 colle
1204 2312 1367 2351 Besethzi
1395 2315 1639 2364 Septemtrio·

904 2380 988 2405 nem
1008 2367 1135 2405 versus
1158 2367 1283 2405 fuerat
1300 2367 1453 2413 addita3
1481 2368 1521 2406 in
1536 2369 1639 2407 colle

905 2420 996 2458 Sion
1043 2422 1132 2459 urbs
1177 2422 1361 2471 superior.
1437 2422 1639 2473 Josephus,

905 2475 1001 2513 Bell.
1021 2475 1114 2521 Jud,
1134 2487 1174 2512 v.
1192 2479 1230 2512 4.
1261 2488 1299 2512 n.
1320 2487 1350 2514 1.
1366 2480 1403 2513 et
1424 2488 1464 2513 v.
1482 2474 1520 2514 6.
1533 2489 1571 2515 n.
1585 2482 1621 2515 8.

958 2524 976 2546 ⁶
1004 2529 1082 2566 Per
1098 2534 1217 2566 artem
1245 2528 1396 2579 obliqui.
1412 2531 1561 2577 Artem,
1580 2543 1639 2568 ar-

908 2583 1031 2633 tisque
1063 2590 1198 2621 causas
1231 2582 1344 2620 docet
1362 2584 1558 2633 Vegetius,
1576 2597 1637 2623 lv.

907 2640 945 2674 2.
974 2637 1164 2675 Ambitum
1181 2636 1279 2674 muri
1297 2636 1478 2675 directum
1495 2644 1638 2677 veteres

907 2691 1040 2727 ducere
1059 2689 1270 2735 noluerunt,
1285 2703 1330 2727 ne
1356 2691 1407 2728 ad
1421 2690 1519 2730 ictus
1543 2693 1641 2730 arie·

908 2749 984 2781 tum
1002 2749 1096 2780 esset
1112 2743 1323 2792 dispositus,
1333 2745 1399 2782 sed
1406 2745 1564 2783 sinuosis
1573 2759 1640 2783 aa·

905 2796 1103 2842 fructibus,
1115 2797 1242 2848 jactis
1245 2797 1523 2848 fundamentis,
1539 2799 1641 2836 clau-

904 2863 986 2887 sere
1002 2850 1123 2896 urbes,
1152 2850 1427 2902 crebrioresque
1454 2858 1579 2890 turres
1598 2853 1639 2890 in

903 2903 993 2954 ipsis
1018 2904 1167 2955 angulis
1197 2904 1394 2943 ediderunt
1405 2906 1607 2955 propterea
1622 2922 1635 2944 :
