2210 3978
140 143 156 154 ⁴
220 152 318 203 612
474 130 480 142 ’
797 155 1000 204 NOTAE
1038 155 1123 205 ET
1158 154 1715 236 EManArioNEs

235 770 347 823 DE
379 763 841 822 CAPITOLIO
868 765 922 817 A
969 763 1239 849 VESPA
1256 764 1511 819 SIANO
1539 766 1649 820 ET
1668 758 2163 825 DOMITIANO

653 899 1223 955 PRINCIPIBUS
1261 900 1741 958 RESTITUTO.
1817 882 1820 883 *

312 1229 432 1289 UBI
460 1232 713 1288 deferbuit
751 1232 1005 1286 bellorum
1031 1230 1257 1286 civilium
1296 1243 1468 1302 aestus,
1495 1250 1675 1304 resque
1701 1231 1928 1303 publica,
1964 1231 2164 1305 Vespa·

241 1328 380 1382 siano
407 1312 670 1398 Principe,
697 1327 967 1398 acquievit,
1002 1326 1264 1396 praecipua
1288 1325 1519 1378 omnium
1545 1345 1669 1379 cura
1707 1327 1823 1378 fuit‘
1840 1337 1897 1379 ut
1935 1325 2168 1380 restitue-

241 1432 378 1474 retur
405 1419 743 1490 Capitolium.
820 1410 1130 1473 Consultum
1169 1418 1419 1488 religioni,
1462 1430 1518 1471 ut
1559 1418 1738 1471 iisdem
1777 1410 2201 1493 tertium'v'estis

242 1515 336 1584 giis
380 1525 740 1585 reponeretur:
793 1514 898 1579 sed,
947 1513 1088 1583 quod
1135 1531 1294 1564 unum
1345 1511 1502 1564 veteri
1550 1511 1938 1582 magnificentiae
1986 1510 2190 1578 defuit,

217 1648 222 1661 s
243 1609 441 1678 adjecta
467 1606 663 1659 aedibus
696 1600 932 1659 altitudo.
1007 1606 1066 1658 Id
1102 1624 1310 1675 quoque
1335 1606 1527 1658 factum
1553 1607 1622 1658 ob
1647 1606 1862 1675 grandes
1885 1604 2171 1670 columnas,

244 1720 370 1771 quas
392 1710 643 1753 memorat
670 1697 943 1753 Suetonius
969 1698 1019 1750 in
1043 1697 1261 1768 VespaS.
1290 1716 1475 1751 xvnx.
1552 1698 1617 1750 In
1651 1699 1751 1751 hoc
1777 1697 1979 1769 imperii
2001 1697 2173 1768 splen-

244 1795 385 1858 dore,
427 1805 478 1847 et
527 1793 647 1846 cum
694 1782 1040 1861 VespaSianus
1082 1791 1134 1843 in
1175 1790 1443 1861 religiosos
1485 1791 1824 1864 publicosque
1871 1810 1992 1845 usus
2035 1793 2172 1844 foret

243 1885 767 1951 munificentissimuS,
802 1884 956 1956 quam
984 1883 1285 1953 magnificus
1312 1883 1537 1936 fueritin
1569 1884 1870 1937 aedificando
1909 1882 2174 1956 Capitolio

248 1979 398 2033 facile
417 1979 642 2050 judicari
665 1988 852 2049 potest.
904 1977 981 2030 Ut
1005 1976 1184 2029 annuis
1210 1976 1454 2030 reditibus
1480 1976 1734 2047 templum
1753 1966 2173 2047 locupletaretur,

237 2073 396 2145 jussit
448 2073 482 2126 J
490 2073 678 2138 udaeOS,
720 2071 1032 2142 ubicumque
1074 2071 1330 2139 degerent,
1373 2070 1407 2125 J
1414 2070 1497 2123 ovi
1552 2069 1850 2141 Capitolino
1905 2070 2191 2142 quotannis*

246 2165 445 2219 solvere
470 2165 782 2229 didrachma,
806 2165 946 2235 quod
970 2162 1170 2232 templo
1205 2163 1700 2232 Hierosolymitano,
1735 2163 2010 2235 antequam
2035 2177 2178 2218 ever-

251 2270 455 2325 teretur,
504 2259 728 2328 pendere
773 2266 917 2309 erant
959 2255 1116 2309 soliti.
1175 2255 1396 2326 Joseph.
1443 2255 1581 2308 Bell.
1620 2256 1746 2311 Jud.
1791 2274 1902 2309 vn.
1945 2257 1999 2310 6.
2034 2275 2085 2310 n.
2121 2256 2203 2332 6.]

252 2352 431 2406 Fuisse
458 2352 507 2404 in
547 2350 768 2421 imperio
805 2349 1045 2401 Romano
1073 2348 1196 2419 plus'
1228 2347 1384 2420 quam
1427 2349 1582 2402 vicies
1616 2359 1829 2403 centena
1863 2349 2043 2415 millia,
2083 2368 2176 2404 seu

251 2452 559 2510 2,000,000.
607 2444 930 2508 Judaeorum,
975 2442 1064 2513 qui
1100 2442 1348 2495 tributum
1397 2442 1525 2495 illud
1561 2442 1831 2510 solverent,
1868 2462 2034 2500 nemo?
2059 2443 2180 2498 sane

253 2538 567 2590 diffitebitur.
644 2535 766 2589 Fuit
783 2537 907 2605 ergo
931 2535 1010 2587 vel
1035 2556 1096 2588 ex
1129 2535 1230 2588 hac
1256 2536 1359 2589 una
1386 2538 1584 2590 tantum
1610 2547 1755 2607 parte
1779 2537 1974 2591 annuus
1999 2537 2180 2609 templi

257 2629 540 2701 Capitolini
576 2629 766 2682 reditus
801 2628 936 2681 circa
972 2624 1216 2682 librarum
1265 2628 1616 2699 sterlingarum
1661 2637 1907 2696 121,000.
1988 2629 2178 2684 Paucis

252 2723 393 2776 annis
413 2723 556 2776 stetit
583 2722 903 2793 Capitolium
930 2720 961 2774 a
985 2722 1303 2791 Vespasiano
1328 2723 1637 2777 restitutum.
1713 2721 1898 2776 Statim
1925 2733 2047 2793 post
2069 2723 2194 2795 ejus*

253 2826 473 2870 mortem
498 2815 734 2869 incendio
758 2816 996 2867 haustum
1019 2826 1114 2869 est.
1191 2815 1455 2871 Plutarch.
1481 2816 1533 2869 in
1561 2814 1825 2886 Poplicol.
1850 2835 1905 2885 p.
1935 2815 2054 2869 105.
2070 2831 2081 2834 ·

327 2910 480 2963 Titus
516 2910 570 2961 in
593 2907 843 2979 Capitolii
881 2908 1252 2961 restitutionem
1291 2908 1564 2962 confestim
1600 2908 1851 2974 incubuit,
1890 2918 1948 2960 ut
1986 2907 2196 2963 videtur

255 3023 318 3055 ex
362 3012 699 3055 monumento
741 3003 956 3053 fratrum
1003 3000 1290 3067 Arvalium,
1335 3003 1472 3072 apud
1510 3001 1766 3054 eruditum
1807 2999 2111 3072 Philippum
2151 2999 2194 3054 a*

254 3096 441 3162 Turre,
482 3102 517 3126 “
544 3095 890 3147 Monumenta
914 3093 1095 3147 veteris
1127 3094 1323 3158 Antii,”
1353 3114 1406 3164 p.
1430 3101 1520 3155 95.
1592 3094 1687 3159 At,
1711 3093 1828 3146 cum
1854 3091 2196 3164 praeproperfi'

255 3198 422 3240 morte
461 3188 640 3239 fuisset
672 3197 863 3257 raptus,
899 3205 1031 3257 opus
1071 3206 1336 3255 aggressus
1375 3197 1452 3239 est
1495 3188 1651 3239 frater
1689 3188 1798 3258 ejus
1832 3184 2182 3253 Domitianus,

255 3290 598 3357 quartumque
649 3279 966 3348 Capitolium
1013 3270 1301 3332 aedificabit.
1394 3278 1543 3333 Nihil
1599 3279 1786 3333 aedium
1832 3277 2183 3348 magnitudini,

254 3370 381 3424 nihil
405 3371 655 3424 altitudini
680 3372 797 3424 addi
820 3382 1036 3442 poterat.
1088 3354 1357 3442 Princeps,
1382 3392 1495 3443 quo.
1512 3392 1666 3425 nemo
1685 3372 1783 3426 fuit
1806 3372 1859 3426 in
1882 3371 2183 3443 aedificando
2204 3394 2205 3397 ¹

258 3464 588 3530 sumtuosior,
611 3466 761 3518 vertit
785 3486 948 3533 curaS,
975 3475 1033 3518 ut
1056 3483 1254 3534 regum,
1279 3464 1598 3535 reipublicae,
1627 3464 1994 3538 Caesarumque
2022 3483 2182 3536 opera

254 3556 611 3620 multitudine,w
638 3557 910 3630 pretioque
977 3566 1391 3612 ornamentorum
1453 3568 1730 3629 superaret.
1828 3557 1958 3627 Non
2019 3557 2180 3613 modo
