1786 3204
189 155 268 190 104
399 168 402 170 v
654 148 704 188 c,
731 133 1000 188 CORNELII
1027 146 1215 189 TAcrri
1432 153 1484 192 A.
1506 152 1557 193 U.
1574 153 1739 202 osez.

263 261 339 303 12.
375 254 813 305 BLANDIEBATUR
836 250 1000 316 coeptis
1030 250 1237 313 fortuna,
1264 252 1472 318 possess&
1502 272 1589 322 per
1609 274 1740 315 mare

191 343 239 381 et
271 348 411 380 naves
456 331 629 396 majore
672 329 814 378 Italiae
858 340 1006 394 parte,
1049 329 1233 394 penitus
1270 346 1418 396 usque
1455 334 1516 384 ad
1558 333 1740 390 initium

191 409 527 458 maritimarum
557 406 819 471 Alpium.
854 406 1039 474 quibus
1036 407 1290 467 tentandis,
1319 409 1742 479 adgrediendaeque

191 485 442 551 provinciae
492 477 805 545 Narbonensi,
849 484 1076 535 Suedium
1121 486 1433 546 Clementem,
1476 489 1740 543 Antonium

192 564 467 623 Novellum,
516 562 774 618 AEmilium
837 563 1094 613 Pacensem
1150 564 1294 614 duces
1340 565 1575 620 dederat
1643 569 1742 621 Sed

192 641 405 691 Pacensis
438 657 523 706 per
555 640 785 690 licentiam
815 640 1017 696 militum
1047 640 1257 691 vinctus:
1293 643 1505 695 Antonio
1534 645 1743 698 Novello

191 720 322 770 nulla
372 719 646 770 auctoritas:
706 718 905 768 Suedius
959 719 1181 769 Clemens
1235 714 1495 772 ambitioso*
1544 723 1742 790 irnperio

192 799 401 864 regebat,
436 808 489 846 ut
523 796 749 845 adversus
782 795 1055 846 modestiam
1087 795 1340 863 disciplinae
1374 812 1642 866 corruptus,
1678 803 1742 854 ita

192 875 464 942 praeliorum
507 874 683 924 avidus.
751 875 866 923 Non
905 874 1033 922 Italia
1069 874 1203 934 adiri,
1246 892 1335 925 nec
1369 876 1472 927 loca
1514 879 1742 945 sedesque

193 953 352 1020 patriae
396 953 704 1001 videbantur:
757 964 994 1017 tamquam
1043 964 1234 1002 externa
1288 954 1458 1016 littora,
1503 967 1550 1006 et
1600 959 1743 1009 urbes

194 1030 415 1092 hostium,
452 1048 613 1090 urere,
640 1041 834 1089 vastare,
872 1047 1065 1095 rapere:
1102 1030 1160 1079 eo
1200 1031 1423 1092 atrocius,
1459 1034 1591 1098 quod
1624 1035 1740 1087 nihil

193 1127 392 1175 usquam
435 1109 672 1174 provisum
721 1109 973 1157 adversum
1012 1120 1163 1158 metus
1176 1126 1192 1157 ς
1241 1110 1367 1175 pleni
1408 1112 1525 1176 agri,
1568 1125 1741 1178 aperta

194 1190 393 1238 domus:
448 1198 742 1236 occursantes
787 1186 964 1234 domini
1003 1187 1138 1252 juxta
1193 1189 1415 1254 conjuges
1459 1200 1505 1237 et
1554 1190 1742 1253 liberm,

195 1265 435 1315 securitate
457 1263 597 1329 pacis,
621 1274 667 1315 et
688 1263 798 1312 belli
815 1264 938 1312 malo
956 1263 1449 1314 circumveniebantur.
1485 1267 1743 1320 Maritima

194 1356 297 1394 tum
319 1343 466 1407 Alpes
489 1335 672 1390 tenebat
695 1352 968 1407 procurator
991 1341 1170 1391 Marius
1192 1345 1422 1396 Maturus.
1493 1345 1536 1394 Is
1559 1345 1742 1398 conciis.

196 1433 352 1488 gente,
384 1423 494 1486 (nec
526 1420 654 1468 deest
678 1419 922 1485 juventus)
945 1436 1102 1468 arcere
1123 1420 1372 1484 provinciae
1395 1421 1564 1472 finibus
1589 1424 1742 1476 othni

195 1500 355 1550 nianos
372 1497 580 1546 intendit.
617 1498 710 1547 Sed
732 1497 884 1562 primo
906 1498 1082 1563 impetu
1100 1498 1206 1547 caesi
1228 1497 1494 1565 disjectique
1515 1501 1741 1563 montani,

197 1589 249 1627 ut
283 1576 468 1642 quibus,
500 1575 677 1624 temere
702 1576 923 1636 collectis,
958 1593 1054 1624 non
1075 1587 1238 1636 castra,
1274 1593 1371 1626 non
1403 1578 1573 1628 ducem
1593 1579 1743 1630 nosci»

196 1656 413 1714 tantibus,
453 1671 606 1720 neque
649 1654 699 1704 in
747 1653 939 1706 victoria
978 1655 1121 1704 decus
1162 1666 1299 1715 esset,
1335 1671 1490 1721 neque
1531 1657 1583 1707 in
1622 1654 1743 1726 fugi

195 1733 452 1799 flagitium.³

269 1897 345 1937 13.
381 1890 683 1938 ΙΝιιιτΑτηε
716 1907 772 1940 eo
803 1889 964 1956 praelio
1001 1888 1204 1938 Othonis
1236 1888 1386 1950 miles,
1418 1889 1560 1954 vertit
1582 1889 1671 1940 iras
1691 1890 1742 1942 in

195 1965 498 2031 municipium
537 1967 733 2016 Albium
785 1968 1078 2018 Intemelium
1092 1986 1106 2017 ς
1122 1970 1142 1997 ⁴
1187 1967 1357 2034 quippe
1395 1967 1445 2017 in
1486 1968 1584 2018 acie
1625 1969 1741 2019 nihil

194 2045 395 2108 praedae:
432 2043 591 2108 inopes
613 2057 831 2112 agrestes,
864 2058 912 2095 et
943 2045 1048 2095 vilia
1079 2061 1240 2094 arma:
1276 2061 1363 2093 nec
1385 2045 1486 2110 capi
1507 2056 1739 2111 poterant,

196 2121 361 2184 pernix
395 2137 561 2186 genus,
595 2134 640 2170 et
675 2122 806 2189 gnari
841 2124 1083 2172 locorum:
1120 2123 1202 2171 sed
1225 2121 1556 2172 calamitatibus
1586 2122 1742 2174 inson-
1782 2129 1786 2135 “

197 2198 313 2246 tium
349 2198 533 2262 expleta
564 2201 762 2250 avaritia.
832 2201 983 2250 Auxit
1014 2198 1231 2249 invidiam
1267 2200 1492 2266 praeclaro
1522 2201 1741 2267 exemplo

201 2428 331 2475 Quam
362 2431 474 2469 multi
505 2431 644 2471 fuerint
665 2429 770 2470 'luxu
797 2434 935 2484 perditi
1010 2432 1185 2473 Romana
1207 2431 1347 2472 militia
1369 2434 1442 2472 hoc
1465 2433 1652 2486 flagitium
1675 2447 1742 2475 ca-

200 2485 239 2522 in
285 2484 504 2523 Othoniano
539 2488 727 2534 exercitu,
767 2487 934 2527 vidimus
1006 2488 1086 2538 pite
1117 2488 1369 2538 puniendum,
1394 2495 1488 2527 toste
1513 2487 1628 2526 Arrio
1655 2488 1743 2527 Me-

200 2538 575 2589 sup1·.211ist.1.88.
1009 2542 1169 2587 nandro,
1206 2542 1353 2593 Digest.
1382 2542 1464 2580 Lib.
1500 2553 1629 2580 xmx.
1660 2532 1740 2582 Tit.

1014 2591 1074 2633 16.
1105 2596 1152 2633 de
1183 2596 1241 2634 Re.
1267 2595 1435 2633 militari.
1465 2595 1555 2646 Leg.
1573 2591 1611 2633 6.
1639 2608 1677 2636 n.
1699 2600 1740 2636 3.

255 2641 268 2658 ¹
314 2642 601 2683 ,Μανίίὲινανιιηι
646 2645 813 2696 Alpium.
874 2645 936 2683 De
1011 2648 1117 2693 Qui
1105 2663 1142 2687 m
1161 2662 1241 2687 acze
1249 2662 1298 2700 p}
1300 2662 1357 2687 zor
1359 2648 1623 2701 jugam-secut,
1636 2663 1740 2701 spec·

190 2695 367 2746 *Alpibus
413 2697 613 2735 ma1iti1nis
655 2699 803 2737 dictum
844 2700 935 2738 satis
1008 2702 1174 2740 tontibus
1207 2702 1398 2749 militibus,
1434 2708 1591 2753 propter
1624 2716 1741 2742 exem-

198 2749 343 2788 Annal.
362 2763 435 2787 xv.
454 2754 518 2788 32.
1004 2757 1106 2806 plum
1123 2756 1244 2807 capite
1256 2757 1465 2807 puniendus
1481 2761 1551 2795 est.

253 2800 427 2842 ²D11ces
461 2805 629 2844 dederat.
668 2806 795 2858 Supra
832 2807 933 2846 Hist.
1060 2811 1078 2829 ⁴
1128 2809 1279 2849 Albium
1326 2809 1574 2850 Intemelium.
1619 2808 1738 2855 Nunc

200 2868 230 2896 ι.
249 2861 313 2900 87.
1011 2862 1048 2903 V
1045 2863 1231 2929 intimxille.

254 2908 270 2931 ³
295 2911 471 2965 snfitga‘
482 2913 696 2965 flagitium.
726 2913 871 2961 Contra
892 2913 930 2952 in
