1768 3198
362 145 444 183 AD
473 142 575 182 ΠΒ.
603 141 636 180 1.
663 138 802 180 Hlsa'.
831 139 880 180 C.
909 140 1076 181 CORN.
1102 141 1306 186 TACI'I'I.

219 248 321 289 Mais
336 253 398 288 cet
415 247 570 300 Empire
588 246 768 285 immense
781 249 839 284 est
857 249 946 297 trop
963 250 1068 286 vaste
1082 259 1183 299 pour
1197 248 1285 297 elle,

1513 153 1594 198 417

215 335 251 374 A
270 334 392 373 moins
408 340 484 385 qu'e
501 333 613 372 d'une
625 331 717 378 tete,
732 345 784 370 un
798 330 828 370 si
842 332 962 383 grand
980 345 1092 386 corps
1109 335 1326 384 chaneelle:
1392 338 1395 347 '

216 421 267 459 Et
284 433 383 472 pour
400 421 437 459 le
454 433 543 459 nom
562 419 630 458 des
648 418 722 457 tois
739 431 808 457 son
826 418 1029 459 invincible
1046 421 1205 462 horrem-

217 506 313 546 S'est
330 505 520 545 d’aiueurs
533 505 565 544 si
584 504 673 543 bien
690 504 762 543 fait.
778 517 854 543 aux
871 504 948 543 loix
965 505 1056 544 d'un
1076 509 1298 560 Empereur,
1348 522 1350 524 ’

215 592 365 638 Qu’elle
383 605 430 630 ue
448 597 541 643 peut
567 578 728 637 souffrir,
747 591 857 641 apres
875 596 978 630 cette
996 592 1194 643 habitude,

215 677 268 718 Ni
286 678 410 730 pleine
427 678 573 724 liberte,
591 677 629 716 ni
643 677 768 729 pleine
786 678 988 718 servitude.
999 679 1013 695 ¹

213 764 297 804 Elle
314 771 404 804 veut
417 764 520 805 donc
538 778 590 803 un
603 764 749 811 main-e,
768 771 808 804 et
826 765 958 804 Neron
977 765 1190 805 condamne

210 850 294 890 Fait
306 851 387 890 voir
399 865 444 891 ce
463 852 600 903 qu’elle
617 857 708 891 veut
725 865 772 891 en
785 865 836 892 un
851 852 954 891 front
972 853 1178 892 couronne.

209 936 375 984 Vindex,
394 937 531 983 Rufus,
551 938 590 977 ni
606 937 698 984 moi,
713 941 865 978 n'avons
884 939 994 978 cause
1012 952 1053 978 sa
1069 944 1190 991 perte,

204 1024 274 1062 Ses
291 1023 427 1063 crimes
446 1024 544 1063 seuls
564 1024 656 1064 l'ont
674 1024 777 1074 faite,
795 1030 836 1064 et
853 1025 889 1064 le
903 1025 976 1064 ciel
995 1025 1045 1064 l'a
1063 1022 1280 1065 soufferte.²

209 1131 1193 1146 ---------------

208 1216 1187 1231 ...............

204 1281 229 1320 J
233 1293 372 1332 usques
391 1281 415 1320 ὲ
432 1294 478 1321 ce
491 1279 610 1333 grand
628 1294 742 1334 coup‚
762 1295 815 1321 un
832 1282 1001 1322 honteux
1019 1284 1212 1336 esclavage

204 1366 331 1406 D'une
348 1368 450 1406 seule
462 1367 609 1408 maison
626 1381 723 1407 nous
738 1367 864 1407 saisoit
882 1368 1091 1422 l'heritage.

203 1455 328 1505 Rome
345 1455 430 1494 n’en
455 1468 478 1495 a
495 1456 626 1508 repr-is,
645 1469 695 1496 au
713 1455 791 1495 lieu
809 1455 860 1495 de
877 1456 1024 1504 liberte,

204 1540 334 1586 Qu'un
352 1540 454 1580 droit
472 1541 521 1580 de
539 1537 677 1582 mettre
694 1542 845 1582 aisseurs
862 1542 900 1582 la
917 1531 1221 1588 souverainet&²

204 1620 259 1665 Et
270 1626 399 1666 laisser
415 1629 526 1680 apres
543 1627 633 1676 moi,
652 1628 746 1667 dans
764 1629 800 1667 le
818 1627 928 1668 tr6ne
944 1641 996 1666 un
1009 1627 1128 1679 grand
1147 1628 1313 1677 homme,

204 1712 303 1753 C’est
318 1718 403 1752 tout
420 1727 466 1753 ee
484 1712 790 1766 qu’aujourd'hui
801 1713 846 1766 je
859 1713 943 1766 puis
961 1712 1056 1753 faire
1073 1726 1173 1766 pour
1190 1715 1313 1753 Rome

163 1900 1255 1919 -----------------

198 1971 223 2011 J
227 1972 300 2018 ule,
314 1978 355 2011 et
371 1972 407 2010 le
421 1971 542 2025 grand
553 1973 727 2024 Auguste
740 1978 807 2012 ont
820 1960 1043 2012 choisi‘dans
1060 1973 1147 2012 leur
1163 1985 1268 2024 sang,

200 2057 265 2097 Ou
284 2058 377 2097 dans
393 2059 476 2098 leur
493 2059 663 2107 alliance,
683 2060 706 2099 ὲ
725 2060 794 2111 qui
808 2060 936 2099 laisser
954 2072 1000 2099 ce
1019 2072 1125 2111 rang.

197 2143 296 2191 Moi,
315 2157 400 2184 sans
417 2144 631 2185 consideret
645 2159 770 2186 aucun
783 2147 898 2186 noeud
915 2146 1169 2198 domestique‚

1316 1713 1353 1754 ‘4

196 2229 270 2271 J’ai
286 2230 356 2271 fait
367 2245 414 2271 ce
432 2231 547 2271 choix
561 2244 711 2272 comme
726 2246 815 2281 eux,
832 2232 926 2272 mais
942 2231 1037 2272 dans
1053 2231 1092 2271 la
1105 2230 1333 2283 republique
1344 2228 1377 2277 ;⁵

81 2358 94 2378 ¹
118 2357 243 2401 Neque
258 2358 347 2390 euim
362 2358 438 2402 hic,
450 2358 538 2391 utin
553 2360 676 2393 ceteris
688 2370 768 2404 gen·
834 2360 934 2394 unius
956 2359 1096 2393 familiae
1116 2359 1210 2402 quasi
1231 2358 1400 2390 hereditas
1420 2354 1564 2391 fuimus:

35 2400 128 2434 tibus
138 2411 213 2444 quae
227 2406 422 2444 regnantur,
437 2407 532 2436 certa
553 2404 766 2437 dominorum

37 2444 169 2485 domun,
181 2448 216 2477 et
225 2445 333 2477 ceteri
344 2445 433 2477 servi
445 2456 454 2476 ε
470 2446 530 2478 sed
541 2447 768 2488 imperaturus

34 2495 72 2520 es
82 2487 288 2530 hominibus,
299 2488 357 2531 qui
369 2498 433 2521 nec
443 2492 552 2521 totam
566 2490 766 2523 servitutem

59 2530 108 2563 ati
135 2535 288 2573 possunt,
320 2541 385 2563 nec
413 2535 522 2565 totam
557 2532 766 2567 libertatem.

63 2573 144 2606 wit.
158 2574 251 2606 Hist.
266 2582 294 2607 1.
306 2579 361 2608 16.

78 2617 97 2635 ²
119 2616 176 2650 Sit
194 2620 274 2650 ante
289 2618 406 2650 oculos
428 2617 536 2661 Nero,
551 2628 650 2662 quem
663 2619 766 2663 longa

34 2658 208 2694 cmm
220 2660 308 2693 serie
321 2665 522 2703 tumentem,
544 2671 613 2695 non
628 2663 764 2696 Vindex

34 2713 112 2736 eun
141 2703 264 2737 inermi
290 2704 481 2747 provincia,
505 2710 566 2738 aut
593 2715 658 2748 ego
685 2716 764 2740 eum

32 2746 103 2780 m
127 2747 282 2790 legione3
312 2748 374 2780 bed
395 2757 457 2780 sua
478 2748 679 2792 immites,
703 2759 765 2783 sua

31 2789 167 2824 luxu-in
194 2790 387 2824 cervicibus
410 2791 559 2834 publicis
588 2788 766 2836 depulerit.

35 2828 142 2866 Tca't.
152 2832 247 2867 Hn‘st.
259 2843 287 2866 ι.
297 2838 356 2868 16.

78 2876 95 2901 ³
117 2876 189 2910 Sub
211 2876 354 2910 Tiberio
376 2881 417 2912 et
441 2877 529 2914 onio
548 2882 587 2913 et
610 2877 766 2924 Cla-dim
791 2881 800 2915 i

149 2931 262 2965 vol..
282 2933 361 2965 111·

836 2404 914 2437 loco
923 2404 1092 2437 libertatis
1106 2403 1184 2445 erit,
1197 2401 1288 2446 qued
1300 2402 1378 2443 eligi
1388 2400 1563 2444 coepimus.

839 2447 943 2482 Tacit.
959 2448 1052 2480 Hist.
1069 2455 1096 2479 1.
1111 2450 1166 2479 16.

877 2492 896 2513 ⁴
919 2490 1022 2523 Nunc
1043 2489 1085 2522 ef>
1111 2487 1323 2522 necessitatis
1342 2487 1415 2530 jam
1428 2486 1564 2530 pridem

834 2537 974 2566 ventum
994 2537 1058 2573 est,
1071 2536 1110 2564 ut
1124 2542 1188 2565 nec
1210 2540 1286 2564 mea
1304 2533 1462 2563 senectus
1483 2536 1565 2562 con·

834 2575 925 2609 ferre
935 2578 1010 2619 plus
1021 2576 1146 2619 populo
1155 2575 1311 2608 Romano
1325 2574 1445 2617 possit,
1461 2574 1567 2616 quam

804 2623 806 2626 ’
834 2620 964 2652 bonum
995 2628 1246 2659 successorem;
1283 2628 1348 2650 nec
1385 2621 1446 2650 tua
1483 2617 1564 2659 plus

828 2663 986 2705 juventa,
1038 2662 1141 2705 quam
1188 2661 1316 2696 bonum
1351 2660 1564 2703 Principem.

839 2707 943 2740 Tacit.
957 2706 1050 2739 Hist.
1067 2715 1094 2738 1.
1111 2709 1165 2739 16.

879 2750 893 2771 ⁵
922 2750 1095 2791 Augustus
1131 2749 1166 2781 in
1196 2748 1300 2782 domo
1336 2756 1565 2781 successorem

835 2793 990 2835 quaesivit
1002 2806 1012 2834 ;
1047 2803 1112 2837 ego
1148 2792 1186 2827 in
1218 2790 1410 2838 republica.
1457 2790 1563 2824 Tacit.

833 2837 928 2870 nist.
943 2840 1038 2871 1.15.

1310 2926 1388 2964 20
