2210 3978
395 147 494 197 AD
528 145 654 196 ΜΒ.
695 142 786 193 1v.
827 141 998 193 ms‘r.
1034 103 1602 194 c.coRN.T'AC1T1.
1875 142 1981 203 6³9

40 286 329 362 publicavit
371 287 596 341 eruditus
641 286 889 352 Oiselius,
928 291 963 319 “
984 278 1283 340 Thesaurus
1315 284 1637 339 Selectorum
1676 283 1978 341 Numisma·

45 381 207 446 tum,”
231 379 368 435 Tab.
390 397 575 434 xmn.
600 399 650 434 n.
680 389 724 434 1.
749 381 916 433 videre
934 390 1011 434 est
1036 378 1293 449 Serapidis
1313 388 1468 450 caput
1484 381 1978 444 barbatumssomu-

32 482 175 538 him,
200 472 467 539 radiatum,
491 491 610 526 cum
636 474 811 526 modio
837 472 889 526 in
912 472 1128 525 vertice:
1169 473 1311 524 adest
1335 482 1387 525 et
1422 471 1628 537 tridens,
1656 471 1741 525 cui
1767 491 1974 542 serpens

44 565 474 622 circumvolvitur.
549 565 757 625 Quibus
802 565 1083 635 insignibus
1122 575 1260 634 patet
1298 564 1598 634 Serapidem
1629 584 1740 619 esse
1763 565 1799 620 J
1805 584 1973 633 ovem,

48 659 247 725 Solem,
285 658 500 722 Osirim,
530 657 836 729 Neptunum
860 668 921 710 et*
938 657 1316 728 AEsculapium.
1390 657 1524 710 Vide
1549 677 1662 729 quae
1688 660 1752 712 ad
1777 659 1830 712 id
1852 678 1976 713 con·

45 752 355 806 firmandum
379 751 633 821 congessit
658 750 903 816 Oiselius,
929 750 1031 803 loc.
1057 751 1143 803 cit.
1167 771 1222 821 p.
1243 758 1368 804 218.
1406 751 1480 804 At
1501 761 1730 805 naturam
1754 751 1975 807 cultum-

42 864 147 918 que
170 844 432 915 Serapidis
448 864 602 898 nemo
617 844 902 897 accuratius
917 845 1181 913 expressit,
1206 843 1364 914 quam
1384 843 1696 898 Macrobius
1716 845 1971 900 Saturnal.

47 943 203 992 1¹:20.
242 936 551 990 Alexandria
586 942 620 969 “
645 937 812 990 eidem
838 935 1069 1006 AEgypto
1093 936 1327 1007 adjacens
1365 935 1555 1002 civitas»,
1588 957 1701 1008 quae
1737 939 1971 993 condito-

45 1048 157 1084 rem
195 1028 544 1083 Alexandrum
583 1028 929 1083 Macedonem
969 1028 1232 1098 gloriatur,
1273 1028 1491 1099 Sarapin
1527 1039 1677 1099 atque
1702 1029 1805 1083 Isin
1829 1031 1970 1086 cultu

3 1128 6 1131 ’
45 1111 202 1195 poene
227 1123 449 1177 attonitae
475 1110 809 1196 venerationis
835 1124 1106 1175 observati
1141 1141 1348 1174 omnem
1373 1132 1542 1175 tamen
1558 1121 1698 1175 illam
1723 1124 1970 1178 venerati-

47 1233 199 1270 onem
238 1215 352 1270 Soli
385 1236 438 1269 se
462 1219 558 1270 sub
582 1215 716 1269 illius
741 1214 948 1268 nomine
982 1224 1189 1268 testatur
1212 1214 1526 1284 impendere,
1562 1214 1642 1267 vel
1667 1216 1791 1268 dum
1832 1216 1969 1270 cala·

46 1309 192 1362 thum
239 1309 401 1380 capiti
448 1310 556 1380 ejus
599 1309 831 1379 infigunt,
873 1299 962 1361 vel⁴
1003 1310 1127 1361 dum
1175 1307 1449 1361 simulacro
1496 1308 1697 1379 signum
1738 1309 1969 1380 tricipitis

47 1403 311 1456 animantis
358 1400 670 1476 adjungunt3
723 1403 860 1473 quod
909 1402 1147 1473 exprimit
1192 1400 1363 1454 medio
1410 1403 1695 1474 eodemque
1741 1403 1968 1458 maximo

49 1496 217 1567 capite
235 1496 395 1550 leonis
419 1496 672 1565 effigiem3
711 1495 924 1547 dextera
952 1504 1096 1565 parte
1120 1505 1277 1565 caput
1300 1494 1437 1547 cauis
1461 1495 1684 1548 exoritur
1705 1496 1972 1550 mansueta

23 1590 223 1664 *specie
265 1589 600 1656 blandientis3
650 1607 768 1658 pars
818 1587 939 1652 vero
976 1586 1103 1641 laeva
1147 1586 1358 1641 cervicis
1406 1587 1603 1658 rapacis
1645 1587 1757 1658 lupi
1804 1589 1972 1660 capite

48 1680 257 1739 finitur:
307 1701 495 1753 easque
537 1684 729 1734 formas
763 1679 1057 1733 animalium
1100 1682 1256 1733 draco
1295 1681 1550 1734 connectit
1585 1680 1843 1736 volumine
1876 1702 1970 1738 suo

49 1773 216 1844 capite
265 1776 507 1827 redeunte
557 1775 622 1826 ad
666 1773 773 1827 Dei
814 1775 1091 1837 dexteram,
1133 1774 1236 1844 qua
1276 1774 1622 1843 compescitur
1669 1785 1970 1829 monstrum.

50 1865 198 1937 Ergo
222 1864 384 1919 leonis
409 1866 573 1937 capite
598 1876 903 1920 monstratur
937 1886 1154 1937 praesens
1177 1867 1414 1938 tempus3
1453 1868 1574 1938 quia
1609 1867 1835 1922 conditio
1858 1870 1971 1941 ejus

47 1956 179 2012 inter
215 1960 519 2030 praeteritum
556 1962 885 2031 futurumque
923 1971 1038 2013 actu
1072 1959 1308 2030 praesenti
1345 1960 1510 2013 valida
1546 1961 1849 2032 fervensque
1879 1971 1971 2016 est.
2030 2012 2032 2016 ,

53 2051 159 2106 Sed
196 2062 248 2104 et
288 2053 599 2122 praeteritum
636 2063 840 2123 tempus
875 2053 986 2123 lupi
1026 2054 1195 2123 capite
1241 2053 1496 2123 signatur3
1536 2054 1675 2124 quod
1719 2054 1971 2109 memoria

47 2161 218 2197 rerum
259 2152 625 2200 transactarum
659 2146 870 2216 rapitur,
902 2155 952 2199 et
994 2140 1239 2199 aufertur.
1313 2144 1449 2198 Item
1489 2146 1628 2199 canis
1668 2145 1970 2201 blandientis
2003 2210 2006 2213 ,

50 2237 244 2306 effigies
268 2239 423 2292 futuri
449 2239 695 2309 temporis
728 2239 957 2309 designat
979 2250 1215 2292 eventum
1237 2262 1252 2306 3
1292 2239 1355 2290 de
1391 2258 1496 2309 quo
1519 2238 1667 2291 nobis
1690 2258 1834 2308 spes,
1849 2237 1973 2294 licet

49 2327 263 2395 incerta,
292 2330 560 2384 blanditur.
631 2331 900 2401 Tempora
924 2342 1095 2385 autem
1120 2331 1203 2384 cui
1226 2331 1320 2383 nisi
1355 2331 1568 2403 proprio
1603 2330 1972 2387 famularentur

49 2424 280 2477 auctori?
337 2425 483 2495 cujus
525 2435 716 2490 vertex,
766 2424 1029 2495 insignitus
1080 2423 1298 2489 calatho,
1345 2433 1396 2476 et
1434 2423 1752 2476 altitudinem
1792 2423 1969 2478 sideris

50 2527 314 2583 monstrat,
353 2529 404 2570 et
445 2517 722 2587 potentiam
762 2517 1058 2588 capacitatis
1100 2527 1343 2570 ostentat:
1384 2516 1505 2587 quia
1544 2517 1596 2569 in
1643 2536 1761 2570 eum
1799 2518 1971 2572 omnia

49 2618 249 2663 terrena
270 2611 497 2675 redeunt,
521 2610 645 2662 dum
671 2609 898 2663 immisso
918 2610 1086 2663 calore
1109 2609 1390 2678 rapiuntur.
1464 2608 1668 2679 Accipe
1692 2629 1827 2663 nunc
1847 2611 1971 2681 quid

51 2703 116 2757 de
144 2703 285 2770 Sole,
323 2701 403 2757 vel
446 2703 645 2772 Sarapi,
680 2703 1032 2772 pronuntietur
1064 2701 1292 2756 oraculo.
1370 2701 1512 2755 Nam
1553 2703 1778 2773 SarapiS,
1815 2722 1971 2774 quem

51 2795 287 2869 AEgyptii
338 2795 515 2849 Deum
574 2796 857 2848 maximum
886 2795 1253 2866 prodiderunt,
1304 2804 1476 2847 oratus
1523 2793 1555 2847 a
1602 2795 1970 2862 Nicocreonte,

54 2891 367 2963 Cypriorum
407 2909 544 2959 rege,
582 2890 697 2959 quis
734 2889 968 2943 Deorum
999 2890 1287 2956 haberetur,
1327 2887 1405 2940 his
1446 2887 1675 2943 versibus
1716 2886 1968 2942 solicitam

42 2986 351 3059 ,religionem
376 2984 509 3054 regis
531 2980 781 3035 iustruxit.
1919 2992 1922 2995 ’

272 3194 389 3260 Εἰμὶ
413 3192 505 3253 θεὸς
527 3190 711 3258 τοιόσδε·
726 3190 903 3258 μαθεῖν,
928 3187 1015 3241 οἷον
1038 3189 1085 3242 κ’
1110 3185 1206 3260 ἐγω)
1230 3187 1360 3241 εἴπω.
1399 3183 1403 3187 ’

278 3305 500 3378 Οὔςᾶνιος
524 3306 698 3372 κόσμος
722 3307 928 3370 κεφαλὴ,
953 3302 1145 3376 γαστήρ
1171 3305 1215 3355 δὲ
1242 3301 1487 3368 θάλασσα,

256 3419 405 3483 ,Γαῖα
428 3414 475 3469 δέ
497 3438 576 3485 μοι
595 3417 727 3478 πόδες
751 3420 853 3482 εἰσὶ,
875 3420 940 3470 τοὶ
963 3417 1001 3469 δ’
1027 3415 1155 3469 οὔατ’
1183 3419 1226 3467 ἐν
1252 3413 1394 3488 αἰθέρι
1419 3418 1587 3482 κεῖται,

264 3527 442 3602 Ὀμμα
464 3552 518 3585 τε
537 3533 795 3604 τηλαυγὲς,
815 3534 1033 3607 λαμπρὸν
1058 3530 1176 3597 φάος
1191 3529 1374 3596 ἠελίοιο.
