1760 3210
0 1606 2 1609 ,
78 1564 276 1616 Belgicam
308 1567 630 1617 Germaniamque
663 1566 812 1606 Cisrhe-

78 146 187 186 J--C.
216 148 283 189 70.
453 141 840 184 HISTORIARUM
868 141 1032 183 LIBER
1061 140 1321 190 QUINTUS.
1544 150 1624 191 375

73 246 180 300 ⁴rius
201 246 594 299 memoravimus.¹
660 246 981 307 comitabatur
1001 264 1110 296 eum
1138 245 1282 296 frater
1301 245 1367 296 D.
1385 246 1626 312 AlpinuS.²

76 325 230 376 Simul
263 324 402 374 ceteri
437 324 725 374 miseratione
759 341 814 375 ac
852 325 997 375 donis.
1022 324 1193 374 auxilia
1213 323 1471 385 concibant,
1503 325 1625 375 inter

75 413 239 469 gentes
260 402 575 469 periculorum
589 402 758 453 avidas.
780 419 782 421 ·

147 567 227 608 20.
262 560 612 616 TANTUMQUE
629 557 740 606 belli
769 555 1013 622 superfuit,
1036 569 1087 605 ut
1108 557 1320 622 praesidia
1342 557 1623 619 cohortium,

79 636 276 695 alarum,
298 636 552 702 legionum,
567 634 574 638 ⁴
590 635 683 684 unii
706 635 780 684 die
816 635 975 685 Civilis
1012 635 1344 702 quadripartito
1379 635 1623 685 invaserit:

79 714 307 763 decimam
350 712 600 778 legionem,
632 712 834 761 Arenaci
854 732 868 772 ;
890 714 903 741 ³
968 712 1237 772 secundam,
1270 713 1550 761 Batavoduri
1567 715 1622 773 ς*

77 802 128 839 et
147 790 383 839 Grinnes-⁵
417 787 726 855 Vadamque,⁶
758 789 1023 838 cohortium
1057 789 1329 854 alarumque
1352 801 1498 839 castra
1511 808 1526 838 z
1562 790 1625 840 ita

80 867 234 916 divisis
265 865 425 931 copiis,
459 878 511 915 ut
544 867 640 932 ipse
661 878 709 915 et
729 868 905 925 verax,
938 882 1099 914 sorore
1120 868 1218 932 ejus
1234 865 1434 932 genitus,
1451 867 1625 917 Classi-

72 962 274 1010 cusque,
306 961 360 992 ac
398 945 552 992 Tutor
589 960 722 992 suam
760 944 957 1008 quisque
990 959 1183 992 manum
1219 937 1456 993 traherent
1469 961 1484 992 ι
1534 960 1623 995 uec

75 1022 237 1072 omnia
283 1021 494 1087 patrandi
546 1020 736 1081 fiducia,
791 1021 891 1080 sed,
946 1025 981 1049 “
1013 1020 1162 1070 multa
1207 1020 1328 1071 ausis
1376 1021 1531 1087 aliqua
1565 1023 1627 1071 ‘in

82 1103 115 1126 “
147 1111 277 1165 parte
320 1098 558 1148 fortunam
597 1097 772 1147 adfore.
855 1098 1005 1146 Simul
1044 1097 1295 1158 Cerialem,
1326 1114 1480 1165 neque
1516 1099 1624 1149 satis

81 1182 113 1204 “
145 1189 352 1236 cautum,
385 1183 447 1236 et,
470 1177 679 1241 pluribus
711 1175 898 1236 nuntiis,
931 1176 1025 1225 huc
1046 1175 1156 1225 illuc
1179 1188 1458 1236 cursantem,
1490 1193 1627 1242 posse

83 1259 115 1289 “
147 1255 302 1321 medio
333 1254 591 1319 intercipi.”
663 1254 847 1318 Quibus
885 1255 1167 1302 obvenerant
1221 1265 1367 1303 castra
1410 1254 1626 1304 decuma-

75 1337 283 1392 norum‚⁷
331 1331 725 1399 oppugnationem
771 1331 964 1399 legionis
1012 1332 1207 1380 arduam
1249 1331 1353 1393 rati,
1386 1348 1626 1400 egressum

766 1512 812 1550 In
890 1522 993 1549 nunc
1013 1507 1302 1548 Dooden-werd.
1346 1507 1467 1546 Fuere
1480 1506 1568 1559 ergo
1583 1506 1624 1546 in

890 1563 1015 1602 insula
1044 1564 1276 1602 Batavorum
1304 1560 1517 1613 dextraque
1545 1562 1626 1599 Va.-

890 1618 986 1656 halis
1003 1618 1098 1669 ripa,
1128 1617 1247 1668 paulo
1268 1616 1368 1654 infra
1384 1616 1527 1663 vicum,
1556 1615 1624 1666 qui

889 1685 992 1710 nuuc
1019 1671 1163 1710 dicitur
1192 1671 1229 1709 T
1227 1671 1290 1709 iel.
1333 1670 1424 1708 Non
1454 1669 1510 1708 ita
1529 1668 1625 1707 bene

133 1509 149 1530 ¹
192 1509 373 1562 Superius
404 1513 693 1552 memoravimus.

78 1632 218 1658 uanam
236 1627 324 1672 post
339 1621 535 1658 Cremonae
542 1621 741 1659 excidium
754 1628 812 1659 est

80 1672 183 1712 nist.
201 1685 271 1712 111.
286 1676 351 1713 35.
370 1681 408 1711 et
426 1686 485 1712 1v.
504 1677 570 1712 81.

133 1725 151 1744 ²
178 1727 234 1766 D.
252 1727 426 1778 Alpinus.
456 1729 501 1766 In
520 1728 606 1766 MS.
626 1730 718 1778 Agr.
731 1726 809 1766 Dr.

0 1798 5 1806 ’
79 1782 255 1832 Alpinus,
289 1782 328 1819 id
359 1791 427 1827 est,
453 1781 607 1820 Drusus
635 1782 809 1832 Alpinus.

74 1836 135 1873 'At
162 1835 202 1873 in
230 1835 361 1873 ceteris
380 1836 487 1873 libris
504 1835 559 1874 D.
580 1835 753 1885 Alpinus,
770 1835 808 1872 id

76 1896 145 1933 est,
176 1889 355 1928 Decimus
383 1889 558 1939 Alpinus,
602 1891 732 1939 Atque
757 1889 811 1926 ita

78 1940 228 1982 dictum
259 1950 356 1994 puto
388 1944 438 1980 ob
478 1949 626 1993 putrem
661 1943 811 1981 Claudii

7 2001 13 2003 ”
79 1995 239 2036 (ἷίτσανίε
273 1996 455 2043 Drusum,
487 1996 574 2034 olim
603 1996 810 2042 Decimum,

75 2057 160 2088 mor
177 2050 224 2088 N
222 2063 374 2089 etonem-
377 2050 614 2102 praenomine.
652 2050 810 2089 Suetou.

0 2132 5 2135 -
77 2105 117 2143 in
136 2104 277 2143 Claud.
291 2115 321 2142 1.
357 2131 360 2134 -

133 2154 150 2178 ³
178 2157 356 2198 Arenaci.
409 2157 629 2196 Arenacum
663 2157 737 2196 fuit
771 2158 810 2195 in

78 2211 263 2262 superiori
283 2218 388 2262 parte
406 2209 540 2248 insulae
565 2210 811 2257 Batavorum,

78 2278 155 2303 non
166 2265 255 2303 vero
261 2272 371 2303 extra
380 2263 558 2302 insulam.
588 2266 724 2315 ltaque
736 2277 811 2302 non

79 2326 135 2356 cst
171 2318 349 2364 Amhmn,
376 2326 421 2356 ut
448 2317 571 2356 voluit
595 2318 810 2357 Cluverius.

76 2373 154 2412 Sed
172 2372 248 2412 loci
266 2371 474 2422 veterisque
491 2371 653 2409 nominis
670 2385 810 2410 memo-

78 2427 136 2465 ria
153 2434 279 2468 manet
297 2426 336 2464 in
345 2425 438 2463 vicis
453 2426 552 2463 Aert
566 2434 604 2463 et
617 2425 809 2465 Her-wert.

0 2487 3 2491 ’
78 2481 116 2516 V
121 2481 183 2519 ide
200 2481 263 2519 Cl.
289 2479 435 2529 Alting‚
467 2479 623 2516 Notitia
652 2479 811 2520 Germa-

77 2534 148 2574 πίω
160 2533 364 2585 iry'erioris.
382 2545 421 2583 pt
442 2539 463 2572 8
484 2541 520 2570 et
538 2537 578 2577 9.

129 2587 148 2607 ⁴
176 2587 424 2627 Batavoduri.
468 2586 557 2624 Fuit
587 2599 741 2638 quoque
770 2588 809 2626 in

16 2636 21 2645 “
73 2641 258 2692 superiori
281 2647 388 2691 parte
421 2641 651 2680 Batavorum
677 2642 810 2680 insulae

11 2723 13 2725 -
78 2695 378 2739 Batavodurum,
396 2706 500 2731 nunc
512 2693 563 2733 W
554 2694 811 2745 ylc-te-Duur-

76 2749 191 2787 stede.
209 2748 271 2786 el.
293 2748 438 2798 Alting.
455 2748 548 2786 ibid.
568 2761 607 2798 p.
630 2753 691 2787 18.

132 2799 147 2824 ⁸
176 2802 353 2841 Grinnes.
371 2802 535 2839 Grinnes
544 2801 696 2840 Tabula
712 2802 810 2840 Peu-

11 2906 14 2908 Ὗ
74 2855 272 2905 tinget-ana
289 2862 474 2892 memorat
498 2856 594 2892 inter
613 2856 810 2907 Caspingi-

75 2921 157 2956 um,
165 2921 265 2947 nunc
274 2909 454 2962 Asperat,
461 2914 498 2948 et
510 2909 808 2956 Duodecimum,

889 1727 952 1765 Cl.
970 1725 1116 1776 Alting,
1144 1725 1221 1764 loc.
1248 1725 1319 1763 cit.
1335 1736 1375 1774 p.
1396 1727 1461 1761 80.
1507 1723 1628 1761 Grin-

888 1793 953 1818 nes
970 1780 1019 1818 ad
1035 1779 1225 1817 sinistram
1255 1777 1381 1816 Rheni
1407 1777 1528 1828 ripam
1558 1789 1626 1827 po-

888 1834 978 1878 suit,
1014 1834 1079 1870 ubi
1110 1833 1223 1870 hodie
1243 1831 1492 1882 Barbam-sen,
1518 1831 1540 1868 ὲ·
1570 1843 1627 1867 re-

887 1888 997 1938 gione
1014 1886 1132 1925 viculi
1152 1885 1399 1924 Remmerteu.
1443 1883 1545 1922 Vide
1562 1883 1626 1922 Cl.

891 1941 1085 1987 Danville,
1110 1940 1251 1979 Notice
1283 1940 1329 1979 de
1355 1939 1394 1977 la
1421 1937 1558 1985 Gaule,
1585 1950 1626 1990 p.

890 1993 982 2034 361.

934 2045 960 2079 ⁷⁶
991 2048 1216 2099 Vadamque.
1242 2047 1368 2094 Vada,
1387 2051 1485 2085 utet
1510 2044 1626 2083 Grin-

890 2116 966 2150 nes,
991 2103 1066 2141 fuit
1083 2102 1123 2140 in
1145 2101 1338 2153 superiore
1365 2106 1472 2151 parte
1488 2098 1627 2137 insulae
1663 2116 1665 2118 ·

891 2158 1138 2202 Batavorum,
1151 2154 1312 2207 ripaque
1325 2152 1476 2192 sinistra
1487 2151 1626 2199 Rheni,

891 2220 936 2248 ut
952 2210 1195 2249 consentiunt
1212 2207 1289 2246 Cll.
1310 2207 1444 2258 Alting
1467 2214 1506 2245 et
1519 2207 1627 2244 Dan-

891 2264 992 2302 ville.
1030 2263 1168 2307 AtsCl.
1195 2261 1376 2310 Dant-ille
1394 2261 1628 2310 Vadampo-

891 2318 949 2356 nit
967 2318 989 2356 ὲ
1006 2318 1156 2368 regione
1171 2316 1304 2367 oppidi
1324 2315 1490 2362 Rhene&
1517 2313 1625 2364 quod

890 2380 945 2409 est
963 2373 1002 2410 in
1020 2369 1156 2408 dextra
1177 2369 1299 2407 Rheni
1317 2367 1415 2419 ripa.
1459 2367 1520 2406 Cl.
1540 2366 1627 2405 Alt-

890 2426 956 2476 ing
972 2426 1092 2475 magis
1110 2424 1306 2463 Orientem
1340 2422 1470 2461 versus
1495 2421 1625 2468 trahit,

890 2479 911 2516 ὲ
938 2481 1087 2530 regione
1102 2478 1200 2515 arcis
1225 2474 1481 2527 Clingenbeke,
1506 2487 1626 2527 prope

888 2533 1019 2572 locum
1038 2530 1204 2582 Meyrik,
1236 2530 1302 2567 ubi
1320 2536 1431 2568 eruta
1448 2528 1627 2580 quaedam

889 2586 1127 2637 antiquitatis
1154 2585 1336 2622 Romanae
1368 2591 1629 2626 monumenta,

890 2642 993 2680 haud
1011 2638 1145 2690 procul
1165 2637 1296 2676 castris
1316 2637 1509 2683 Herculis,
1522 2647 1626 2674 nunc

893 2695 1087 2744 Illalburg.
1139 2691 1240 2729 Vide
1259 2691 1335 2730 loc.
1354 2692 1422 2731 citt
1439 2691 1501 2730 Cl.
1521 2690 1631 2727 Dan-

817 2774 830 2785 .
851 2745 854 2757 ¹
890 2748 994 2794 ville,
1013 2761 1051 2798 p.
1071 2742 1163 2785 666.
1183 2751 1222 2782 ct
1239 2744 1303 2784 Cl.
1321 2737 1514 2795 Altingffl.
1536 2745 1626 2781 128.

944 2800 960 2822 ⁷
990 2800 1300 2841 Dccumanorum.
1350 2799 1519 2839 Decimae
1537 2795 1627 2852 legi-

891 2868 985 2895 οηιε.
