1760 3210
90 195 130 236 J,
149 197 198 237 C.
225 200 292 241 70.
441 192 831 235 HISTORIARUM
861 180 1024 232 LIBER
1053 192 1324 240 QUARTUS.
1546 199 1636 242 839

81 299 254 349 'veteris
288 298 482 365 AEgyptl
518 297 751 346 columen.
819 295 980 344 Deum
1014 296 1196 364 ipsum'
1238 296 1371 345 multi
1407 302 1440 326 “
1462 299 1631 348 AEscu-

86 380 121 402 “
155 369 346 442 lapium,
391 376 524 441 quod
579 377 819 423 medeatur
868 374 1004 440 aegris
1051 375 1323 439 corporibus
1338 375 1384 435 ;'’
1442 376 1631 441 quidam

85 457 122 480 “
157 454 333 513 Osirin,
373 453 738 518 antiquissimum
777 451 864 500 illis
903 452 1117 517 gentibus
1152 469 1328 502 numen
1343 454 1388 513 ;*”
1420 444 1632 518 plerique

85 535 122 558 “
153 531 335 590 Jovem‚
370 543 422 579 ut
443 547 603 579 rerum
625 529 835 577 omnium
858 531 1155 617 potentem-⁹
1111 531 1142 590 ‚⁹
1190 530 1378 595 plurimi
1411 533 1453 559 “
1469 531 1630 583 Ditem

87 613 121 636 “
153 620 350 674 patrem,
389 607 666 673 insignibus,
711 623 818 672 quae
864 606 912 654 in
961 606 1062 670 ipso
1106 605 1390 668 manifesta,'’
1427 621 1506 658 aut
1544 626 1630 675 per

84 687 306 777 ambages
323 687 599 750 conjectant.

158 849 238 891 85.
285 844 371 889 AT
410 840 710 889 Domitianus
748 841 1106 906 Mucianusque,
1142 842 1398 907 antequam⁴
1429 845 1630 910 Alpibus

85 919 466 985 propinquarent,
523 935 768 989 prosperos
811 935 971 966 rerum
1025 919 1073 966 in
1125 919 1340 969 Treveris
1374 922 1630 988 'gestarum

84 995 272 1045 nuntios
308 1013 539 1061 accepere.
608 994 848 1059 Praecipua
884 995 1088 1044 victoriae'
1123 997 1255 1056 fides,
1290 998 1388 1046 dux
1426 999 1628 1049 hostium
1669 1009 1679 1014 “

85 1073 394 1133 Valentinus,²
417 1089 710 1137 nequaquam
733 1074 910 1141 abjecto
933 1073 1104 1133 animo,
1120 1091 1241 1138 quos
1261 1076 1446 1139 spiritus
1468 1079 1629 1143 gessis-

83 1161 172 1210 set,
212 1151 343 1199 vultu
384 1149 574 1198 ferebat.
645 1151 850 1198 Auditus
889 1151 992 1198 ideo
1032 1152 1234 1211 tantum,
1272 1153 1326 1200 'ut
1360 1167 1630 1205 nosceretur

83 1228 323 1294 ingenium
376 1231 490 1293 ejus,
544 1229 895 1292 damnatusque,
952 1228 1071 1276 inter
1124 1227 1277 1293 ipsum
1333 1227 1629 1296 supplicium,
1657 1222 1661 1228 ¹

86 1302 386 1371 exprobranti
408 1306 592 1354 cuidam
628 1311 661 1333 ‘⁶
685 1307 878 1370 patriam
902 1308 999 1372 ejus
1032 1308 1328 1371 captam,’“'
1350 1309 1555 1394 accipere
1577 1327 1629 1359 se

71 1387 121 1432 *“
154 1382 368 1432 solatium
404 1384 564 1432 mortis
580 1385 604 1402 ’⁹
641 1385 890 1448 respondit.
961 1385 1053 1433 Sed
1089 1385 1352 1445 Mucianus,
1389 1388 1517 1451 quod
1524 1360 1627 1440 diu

86 1461 412 1520 occultaverat,
438 1474 488 1509 ut
511 1479 671 1511 recens
694 1462 975 1526 expromsit:
1014 1468 1048 1490 ‘⁶
1074 1463 1326 1525 Quoniam,
1348 1463 1629 1529 benignitate

83 1541 120 1564 “
151 1539 334 1599 Defim,
392 1539 550 1589 fractae
614 1540 816 1592 hostium
861 1540 979 1588 vires
1018 1538 1188 1599 forent,
1238 1558 1409 1605 parum
1452 1539 1626 1590 decore

86 1620 119 1643 “
152 1616 491 1677 Domitianum,
527 1617 740 1666 confecto
770 1635 916 1681 prope
938 1618 1080 1676 bello,
1116 1618 1275 1667 alienae
1306 1618 1466 1683 gloriae
1486 1619 1627 1667 inter-

12 1727 15 1730 >
46 1674 52 1706 x*
87 1697 122 1720 “
153 1706 417 1743 venturum.
488 1696 536 1744 Si
581 1707 723 1744 status
761 1696 955 1759 imperii,
995 1707 1074 1743 aut
1112 1696 1232 1743 salus
1279 1695 1538 1744 Galliarum
1577 1697 1628 1745 in

46 1788 94 1833 .›·3·
68 1775 119 1820 “
149 1772 412 1820 discrimine
445 1785 718 1833 verteretur,
756 1774 966 1822 debuisse
1004 1776 1238 1823 Caesarem
1270 1773 1318 1820 in
1351 1773 1446 1822 acie
1473 1785 1593 1822 stare
1608 1792 1622 1821 t

89 1853 120 1876 “
142 1849 479 1899 'Canninefates
513 1853 802 1916 Batavosque
833 1851 1087 1903 minoribus
1110 1851 1304 1899 ducibus
1327 1851 1623 1917 delegandos.

87 1931 119 1954 ‘⁴
151 1928 257 1994 Ipse
277 1929 498 1993 Lugduni
533 1929 628 1976 vim
663 1927 993 1993 fortunamque
1022 1924 1307 1993 principatus
1343 1928 1370 1977 ὲ
1406 1929 1625 1992 proximo

87 2009 119 2031 “
151 2016 426 2065 ostentaret,
450 2022 536 2055 nec
573 2005 723 2071 parvis
758 2006 972 2071 periculis
1006 2005 1262 2064 immixtus,
1296 2015 1342 2053 et
1374 1996 1626 2071 majoribus

86 2087 120 2110 “
151 2099 249 2139 non
270 2082 567 2154 defuturus.”·

117 2271 121 2273 -
151 2246 229 2290 86.
264 2222 786 2290 IN'rELL1oEBANTuR
810 2251 962 2289 artes:
998 2241 1080 2290 sed
1113 2256 1218 2304 pars
1241 2238 1447 2304 obsequii
1474 2238 1525 2287 in
1546 2255 1623 2301 eo,

81 2334 142 2367 ne
186 2319 672 2383 deprehenderentur:
725 2319 786 2389 ita
828 2317 1117 2384 Lugdunum
1132 2319 1146 2345 ³
1197 2329 1402 2366 ventum.
1478 2317 1623 2367 Unde

138 2525 152 2544 ⁸
178 2528 300 2567 Deum
315 2529 446 2579 ipsum.
466 2529 684 2580 Serapidem
700 2530 815 2569 fuisse
889 2529 986 2576 lum,
1004 2528 1187 2567 laudatur
1214 2528 1239 2567 ὲ
1267 2526 1362 2567 Silio
1381 2527 1533 2577 Italico,
1553 2539 1622 2568 111.

84 2580 213 2620 Deum
244 2582 439 2620 Pantheon
466 2591 571 2633 patet
594 2597 642 2621 ex
662 2584 815 2622 diversis
890 2580 985 2627 607.
1035 2615 1038 2618 .

36 2670 47 2681 s
81 2635 167 2684 ejus
193 2636 415 2685 insignibus,
443 2650 529 2687 quae
553 2638 639 2676 vide
666 2637 706 2675 in
733 2646 815 2677 not.

82 2695 122 2726 et
139 2690 287 2727 emend.
305 2691 355 2730 ad
375 2690 473 2729 llist.
493 2702 553 2728 lv.
573 2694 638 2729 84.
888 2688 931 2715 A*
952 2686 1225 2757 Zssmmn‘
1246 2687 1307 2714 ΨΥ
1289 2688 1432 2719 'mmm’
1443 2684 1539 2721 sacta
1557 2690 1623 2717 ‘W

131 2739 156 2758 '⁸
204 2742 438 2835 fidentinus.
490 2744 550 2782 De
583 2757 663 2797 quo
699 2757 816 2797 supra
888 2765 1048 2800 Jampuer
1061 2773 1133 2793 aurz
1128 2766 1376 2800 tzomopeffom
1365 2765 1449 2794 §aaut
1462 2766 1543 2795 Bata
1524 2773 1589 2793 μου

81 2807 131 2833 ca

131 2808 172 2869 ι’)
184 2801 419 2901 Lugdunum.
441 2853 559 2892 Nunc
577 2853 715 2906 Luons.
736 2853 816 2892 Do·-
893 2855 937 2894 In
955 2856 1014 2895 his
1031 2868 1185 2911 quoque
1205 2856 1418 2895 Domitiani
1438 2857 1624 2899 laudibus

81 2903 278 2951 mitianus,
315 2906 425 2954 quasi
457 2907 539 2957 ejus
571 2907 751 2959 auspiciis
779 2915 817 2945 et
893 2909 1035 2948 nimius
1058 2919 1114 2949 est
1139 2910 1295 2961 Joseph.
1314 2908 1413 2952 Bell
1431 2911 1525 2953 Jffud
1544 2924 1624 2951 vn.

76 2956 226 2997 >virtute
243 2958 462 2999 confectum
491 2960 620 3001 fuisset
647 2961 721 3001 hoc
740 2960 819 2999 bel·
893 2967 933 3001 4.
950 2973 989 3001 n.
1008 2967 1048 3002 2.
1297 2980 1307 2985 ·
