2210 3978
399 150 498 200 AD
535 147 661 198 LIB.
700 146 791 197 IV.
827 145 1000 196 HIST.
1033 146 1091 194 C.
1127 139 1336 196 CORN.
1368 146 1618 199 TACITI.
1864 161 1960 213 575

46 276 315 333 retulisset.
392 275 507 339 Τούς
527 299 580 330 τε
603 278 700 348 γὰρ
726 277 791 328 τὰ
814 278 896 327 τοῦ
923 274 1166 343 Πομπηΐου
1200 274 1521 348 φρονήσαντας
1546 277 1803 352 ἐπέτρεψαν
1835 286 1966 357 αὐτῷ

47 375 143 427 πᾶν
166 372 200 424 θ’
234 368 274 436 δ’,
299 369 349 424 τί
371 366 473 424 ποτ’
508 366 570 424 οἳν
602 367 788 439 ἐθελήσῃ
815 367 1013 440 δράσαι·
1033 395 1048 411 ·
1068 396 1083 412 ο
1105 367 1210 421 neoti
1235 366 1452 437 πολέμων
1488 371 1568 423 καὶ
1603 371 1770 445 εἰρήνης
1793 374 1962 447 κόριον,

47 464 282 538 προφάσει
307 470 398 516 τῶν
424 466 468 514 ἐν
490 463 550 534 τῇ
572 460 779 533 Ἀφρικῇ
805 456 1167 526 συνισταμένων,
1193 463 1305 532 πρὸς
1337 460 1519 524 πάντας
1542 462 1816 537 α’νθςῶπους,
1842 467 1962 520 ot'm'-

48 559 199 622 ὃειξαν
223 553 381 621 αὖτόν,
409 552 500 607 κᾶν
528 555 664 622 μηδὲν
687 550 808 620 μήτε
831 549 1045 622 τῷδήμῳ
1076 549 1197 620 μήτε
1233 556 1290 623 τῇ
1314 553 1464 626 βουλῇ
1484 556 1585 628 περὶ
1619 556 1773 610 αὸτῶν
1806 558 1963 612 κοινῶ-

48 671 208 714 σηται.
248 648 375 713 Dio,
404 663 559 699 xL11.
583 665 637 715 p.
671 650 786 704 194.
1401 631 1405 634 ⁴

122 740 263 794 Inter
294 741 405 792 haec
443 735 795 790 dominationis
832 733 1113 800 molimina,
1152 735 1358 791 libertas
1397 736 1655 794 Caesarem
1693 745 1966 813 oppressit.

17 833 192 889 'Tum
231 830 520 903 respublica
550 826 929 881 triumvirorum
954 826 1163 879 arbitrio
1201 830 1462 898 permissa.
1538 832 1685 886 Nihil
1707 833 1758 887 in
1795 837 1966 906 publi-

51 1016 299 1072 libertatis
331 1014 566 1084 imagine,
592 1010 748 1083 quam
772 1011 887 1080 ipsa
911 1010 1167 1076 servitute,
1194 1014 1355 1082 magis
1380 1016 1688 1082 conflictata,
1712 1021 1777 1072 ad
1803 1021 1968 1076 Octa.

51 1111 201 1165 vium‘
235 1110 530 1179 Augustum
580 1104 717 1158 ultro
758 1103 1007 1174 confugit,
1055 1104 1143 1174 qui
1193 1094 1380 1172 omnia,
1428 1107 1689 1162 discordiis
1733 1112 1966 1168 civilibus

53 1206 206 1268 fessa,
231 1204 327 1255 sub
353 1199 558 1254 nomine
586 1196 853 1266 Principis
878 1196 1094 1265 accepit.
1171 1195 1308 1250 Cum
1334 1198 1404 1251 ita
1433 1219 1638 1253 necesse
1670 1202 1848 1258 fuisset
1869 1206 1969 1260 rei-

51 1294 272 1366 publicae
298 1312 391 1363 per
414 1311 572 1345 unum
597 1287 810 1354 consuli,
830 1294 867 1319 “
891 1287 1166 1342 constituto
1193 1289 1451 1361 Principe,
1477 1294 1653 1345 datum
1684 1306 1763 1348 est
1784 1296 1831 1348 ei
1855 1297 1966 1367 juS,

51 1399 112 1442 ut
143 1389 282 1459 quod
319 1384 662 1439 constituisset
700 1391 866 1434 ratum
908 1382 1089 1434 esset.’'
1164 1382 1529 1453 Pomponius,
1551 1384 1755 1456 Digest.
1794 1387 1885 1441 lib.
1923 1395 1964 1443 1'.

50 1479 163 1536 Tit.
188 1487 239 1534 2.
278 1485 314 1509 “
338 1479 400 1530 de
426 1474 642 1545 Origine
657 1472 838 1546 juriS.’'
875 1471 1005 1543 Leg.
1030 1481 1082 1527 2.

122 1571 160 1626 J
165 1590 224 1624 us
247 1570 373 1622 illud
397 1567 589 1622 dictum
624 1577 700 1619 est
724 1565 803 1618 Iex
825 1565 1047 1635 imperii,
1073 1584 1185 1637 quae
1219 1567 1417 1635 postea,
1444 1569 1562 1622 cum
1591 1590 1694 1624 non
1734 1571 1806 1625 ita
1840 1573 1968 1627 invi-

53 1683 168 1718 sum
204 1665 340 1716 foret
382 1659 630 1714 Romanis
669 1677 846 1727 regum
889 1677 1094 1723 nomen,
1132 1659 1268 1712 dicta
1305 1670 1381 1712 est
1424 1661 1506 1714 lex
1546 1664 1719 1734 regia.-
1756 1666 1819 1716 de
1862 1666 1967 1737 qua

52 1755 327 1825 UlpianuS,
349 1752 550 1822 Digest.
575 1751 664 1804 lib.
696 1769 737 1803 1.
761 1750 870 1804 Tit.
891 1758 942 1807 4.
970 1757 1005 1781 “
1030 1751 1092 1803 de
1120 1750 1587 1818 Constitutionibus
1612 1754 1967 1826 Principum.”

56 1848 189 1917 Leg-
222 1856 267 1900 1.
305 1852 338 1878 “
359 1846 518 1906 Quod
543 1843 772 1913 Principi
797 1841 1009 1912 placuit,
1033 1842 1159 1911 legis
1181 1844 1336 1897 habet
1354 1844 1581 1915 vigorem
1604 1868 1615 1900 z
1643 1857 1823 1917 utpote
1846 1851 1966 1903 cum

54 1939 168 2009 lege
187 1938 343 2009 regist,
369 1956 480 2009 quae
506 1938 569 1989 de
594 1934 811 2004 imperio
836 1935 943 2005 ejus
967 1934 1070 1987 lata
1094 1944 1186 2000 est,
1211 1935 1437 2005 populus
1461 1937 1508 1990 ei
1533 1938 1648 1992 etin
1673 1958 1790 1993 eum
1816 1960 1966 1997 omne

55 2052 206 2087 suum
229 2029 502 2100 imperium
526 2038 578 2081 et
598 2036 906 2098 potestatem
931 2026 1205 2079 conferat.''

129 2123 260 2189 Lex,
285 2141 416 2193 quae,
439 2119 756 2190 Vespasiano
781 2118 1054 2188 imperium
1078 2130 1391 2188 capessente,
1425 2120 1527 2175 lata
1551 2131 1646 2187 est,
1671 2142 1770 2177 aere
1794 2125 1966 2195 ineisa,

59 2216 245 2271 Romae
282 2213 439 2266 ruinis
463 2213 551 2265 diu
575 2215 758 2264 obruta
786 2213 1056 2282 jacuerat3
1093 2208 1209 2264 cuin
1239 2231 1359 2281 pars
1395 2214 1506 2284 ejus
1542 2217 1967 2285 praestantissima,

22 2313 27 2317 ’
59 2307 300 2380 quoniam
341 2306 392 2359 in
430 2306 493 2359 ea
531 2304 743 2358 Sanctio
774 2303 1108 2368 contineatur,
1149 2303 1350 2370 effossa,
1387 2305 1612 2375 primum
1643 2307 1695 2360 in
1732 2308 1970 2365 Ecclesia

63 2397 389 2455 Lateranensi
426 2416 592 2467 prope
628 2394 1009 2448 tabernaculum
1048 2396 1147 2448 SS.
1186 2395 1435 2465 Corporis
1476 2397 1669 2452 Christi
1698 2400 1848 2454 affixa
1876 2414 1970 2470 est,

59 2511 184 2544 mox
220 2490 273 2544 in
303 2491 433 2543 aedes
472 2487 793 2557 Capitolinas
818 2487 1074 2552 translata,
1096 2487 1187 2540 ubi
1212 2507 1343 2552 nunc
1361 2487 1491 2541 inter
1523 2491 1724 2561 egregia
1755 2493 1971 2565 antiqui-

59 2582 178 2636 tatis
213 2591 543 2636 monumenta
578 2582 884 2659 adservatur.
957 2580 1133 2639 Quam
1169 2580 1290 2632 cum
1321 2580 1394 2632 ibi
1418 2581 1646 2647 viderim,
1671 2584 1819 2655 juvat
1857 2605 1970 2641 eam

63 2673 218 2746 paulo
241 2673 626 2739 accuratiore-m,
652 2671 807 2743 quam
828 2669 859 2723 ὲ
880 2671 1124 2737 Grutem,
1149 2676 1183 2702 “
1206 2672 1454 2726 Thesaur.
1474 2672 1739 2745 Inscript.''
1774 2695 1828 2747 p.
1846 2684 1969 2733 242.

63 2765 198 2824 edita
222 2777 315 2834 est,
341 2775 696 2836 repraesentare
720 2763 956 2835 notisque
977 2762 1265 2835 explanare.

143 3046 1972 3096 ronnvsvn.CVM-QVIBvs.voLET.FACERE.LICEAT.

213 3162 351 3199 ITA.
392 3162 531 3198 VTI.
575 3160 845 3196 Llcvl'r.
889 3159 1084 3196 DIVO.
1126 3160 1286 3196 AVG.

141 3271 1970 3337 TI.1vL10.cAESAR1.Ave-TIBERIOQVJ.cLAvnxo.

217 3385 561 3426 cAESARI.
603 3385 765 3422 Ave.
806 3384 1268 3434 GERMANKCO.
