1760 3210
1413 161 1465 199 A.
1484 160 1534 201 U.
1551 160 1599 202 C.
1619 166 1714 206 823.

172 161 252 204 :370
629 158 678 197 C.
704 156 971 197 CORNELII
998 156 1181 198 TACITI

171 264 336 313 erant.¹
403 262 497 311 Sed
520 248 707 326 vulgus,
741 276 872 309 more
894 261 1110 310 humanae
1145 260 1386 326 cupidinis,
1418 264 1503 314 sibi
1539 277 1714 318 tamam
1758 325 1760 329 ἢ

169 339 373 390 fatorum
397 337 760 405 magnitudinem
783 337 1082 401 interpretati,
1100 354 1176 386 -ne
1205 339 1406 392 adversis
1442 341 1633 406 quidem
1653 345 1716 392 ad

169 434 279 467 vera
300 418 610 466 mutabantur.
679 413 1029 464 Multitudinem
1055 416 1350 464 obsessorum
1371 418 1522 468 omnis
1548 420 1717 480 aetatis,

168 494 299 544 virile
344 511 397 542 ac
445 493 670 541 muliebre
705 493 875 547 secus.²
914 503 1132 540 sexcenta
1163 492 1333 541 millia³
1368 491 1509 542 fuisse
1541 497 1717 561 aecepi-

170 588 289 620 mus.
357 573 508 618 Arma
541 568 733 628 cunctis,
767 569 847 634 qui
880 566 1003 616 ferre
1036 581 1249 632 possent:
1287 581 1332 618 et
1365 571 1539 635 plures,
1571 573 1717 638 quam

170 665 256 713 pro
290 649 526 706 numer0,⁴
558 646 801 694 audebant.
872 645 1132 693 Obstinatio
1155 645 1262 694 viris
1284 644 1580 713 foeminisque
1600 665 1714 714 par-z

169 742 241 783 ac,
289 724 326 773 si
365 722 613 772 transferre
647 722 778 771 sedes
833 733 1129 787 cogerentur,
1177 725 1325 789 major
1371 723 1478 774 vitae
1528 728 1717 786 metuS,⁵

170 802 314 866 quam
350 800 524 849 mortis.
593 801 727 848 Hanc
768 799 992 847 adversus
1032 799 1196 847 urbem
1230 812 1511 866 gentemque
1557 804 1718 853 Caesar

168 877 321 937 Titus,
369 879 557 944 quando
603 877 829 942 impetum
875 888 920 924 et
969 877 1117 926 subita
1160 877 1274 925 belli
1309 878 1440 927 locus
1473 881 1715 940 abnueret,

173 950 421 1022 aggeribus
455 955 689 1019 vineisque
712 965 886 1002 certare
907 954 1074 1003 statuit.
1145 950 1431 1003 Dividuntur
1459 948 1718 1022 legionibus

179 1032 355 1092 munia,
389 1043 436 1081 et
470 1033 599 1098 quies
635 1031 903 1096 praeliorum
932 1030 1049 1092 fuit;
1089 1033 1237 1081 donec
1261 1043 1428 1081 cuncta
1448 1049 1719 1100 expugnati
1728 1064 1732 1067 -

170 1110 242 1158 dis
283 1109 474 1159 urbibus
529 1120 711 1181 reperta
764 1109 888 1174 apud
943 1121 1137 1169 vetereS,
1187 1121 1266 1158 aut
1321 1109 1454 1159 novis
1506 1110 1716 1178 ingeriiiS‚
1754 1157 1759 1161 .

171 1185 496 1237 struerenturf'

222 1336 236 1372 ‘x
262 1355 531 1407 Vespasianum
560 1370 605 1395 ac
642 1357 767 1395 Titum
803 1369 901 1408 ,ιη-ιι·-

167 1409 355 1447 dixeiant.
395 1408 475 1448 Hic
488 1410 648 1449 'lacitus
668 1411 702 1447 V
706 1411 899 1462 espasiano

164 1461 344 1514 Titoque,
369 1465 529 1502 fortunae
558 1477 636 1503 suae
665 1465 900 1513 auctoribus,

166 1517 363 1556 adulatur.
393 1518 574 1568 Ejusdem
608 1519 776 1557 criminis
803 1532 899 1565 reus,

165 1578 203 1609 et
218 1572 337 1622 inagis
354 1572 604 1616 damnandus,
619 1572 819 1623 Josephus,
833 1574 899 1623 qui

165 1625 279 1663 fidem
296 1638 402 1663 suam
425 1625 696 1677 Christumque
716 1633 838 1676 negat,
858 1632 902 1664 ut

165 1679 390 1731 Vespasiani
413 1679 576 1717 favorem
589 1687 729 1730 captet.
746 1679 770 1719 J
773 1680 902 1730 oseph

168 1732 265 1771 Bell.
285 1732 378 1772 Jud.
407 1745 468 1772 VI.
496 1735 534 1771 5.
552 1746 590 1772 n.
608 1737 647 1771 4.
702 1735 759 1772 At
777 1734 907 1772 certis-

165 1787 307 1832 simum
343 1793 410 1833 est,
440 1795 478 1825 et
508 1788 650 1848 cuique
684 1787 903 1826 seculorum

163 1848 463 1891 eventorumque
473 1841 603 1879 seriem
619 1841 809 1892 reputanti
824 1854 904 1880 ma-

162 1894 358 1941 nifestum,
376 1894 450 1932 hoc
465 1894 624 1933 oraculo
642 1895 802 1946 aliisque
818 1895 906 1946 plu-

147 1948 270 1986 .ri1nis
302 1949 600 1999 praenuntiatum
656 1948 768 1987 fuisse
809 1948 903 1988 Jesu

164 2001 306 2040 Christi
335 2015 506 2052 regnum,
533 2003 631 2054 quod
655 2002 694 2040 in
729 2008 901 2041 aternam

129 2091 134 2095 .
162 2068 235 2093 non
267 2056 522 2106 dissipabitur.
574 2055 724 2094 Daniel.
752 2068 801 2093 11.
836 2060 902 2094 44.

165 2109 239 2148 Sed
258 2110 304 2147 de
323 2109 380 2147 his
398 2109 511 2161 plura
530 2109 568 2148 in
582 2117 660 2148 not.
688 2117 725 2147 et
751 2110 899 2148 emend.

165 2163 213 2200 ad
231 2163 330 2201 Hist.
348 2175 388 2201 V.
408 2169 470 2203 13.

216 2214 235 2232 ²
265 2216 386 2256 Virile
419 2232 462 2257 ac
489 2217 666 2259 muliebre
691 2231 808 2257 secus.
854 2219 897 2257 Id

162 2275 230 2316 est,
258 2270 376 2309 virilis
407 2283 453 2310 ac
483 2271 679 2311 muliebris
701 2273 827 2319 sexus,
855 2280 900 2311 ut

162 2337 278 2374 supra
296 2324 438 2363 Annal.
458 2337 517 2363 xv.
540 2324 607 2364 62.

216 2375 231 2397 ³
260 2377 441 2417 Sexcenta
460 2377 590 2418 millia.
636 2378 801 2430 Magnus
815 2382 900 2431 qui-

161 2431 248 2468 dem
285 2444 478 2479 numerus,
509 2432 538 2469 si
573 2441 767 2484 spectetur
798 2435 900 2472 urbis

163 2485 361 2537 Hierosol)
366 2499 514 2524 morum
533 2487 768 2537 magnitud0‚
783 2501 898 2540 quam

163 2538 328 2577 vidimus
357 2552 472 2589 supia
500 2553 586 2592 cap.
624 2543 686 2579 12.
715 2549 795 2580 not.
813 2554 899 2592 sup.

162 2593 218 2630 At
234 2592 434 2643 Josephus,
455 2594 551 2633 Bell.
565 2594 660 2633 Jud.
675 2607 734 2633 vi.
752 2600 791 2643 9.
809 2599 898 2635 n.3.

161 2646 216 2683 ait
249 2646 289 2683 in
323 2646 397 2684 hac
425 2648 619 2686 obsidione
646 2649 806 2698 periisse
828 2661 899 2686 un-

161 2699 285 2738 decies
312 2708 472 2738 centena
515 2701 640 2739 millia
683 2701 896 2748 hominum,

165 2757 389 2800 1‚100‚000.
477 2754 577 2792 Vide
620 2755 709 2806 ergo
750 2763 830 2794 not.
859 2762 899 2793 et

160 2807 308 2845 emend.
343 2807 393 2845 ad
425 2807 527 2845 nist.
547 2820 586 2845 v.
609 2813 671 2847 13.
691 2810 757 2848 ubi
776 2807 898 2848 fusius

160 2860 312 2900 dicetur
331 2861 379 2898 de
409 2872 569 2899 numero
588 2861 817 2908 incolarum,
835 2876 898 2901 eo·

158 2926 321 2968 rumque
336 2914 404 2967 qui
425 2921 591 2967 tempore
607 2917 804 2957 Paschatis
817 2916 898 2958 huc

975 1357 1239 1395 confluebant:
1274 1355 1387 1394 simul
1422 1366 1593 1406 quoque,
1619 1359 1715 1406 quot

975 1411 1012 1449 in
1029 1411 1224 1448 obsidione
1244 1407 1595 1460 Hierosolymitanst
1613 1416 1713 1449 toto*

975 1478 1050 1515 que
1078 1464 1177 1502 bello
1205 1463 1227 1502 J
1235 1463 1371 1501 udaico
1395 1462 1575 1514 perierint
1594 1462 1716 1501 homi·

976 1531 1053 1565 nes,
1072 1518 1339 1556 recensebitur.

1028 1570 1048 1593 ⁴
1075 1572 1222 1618 Plures,
1235 1572 1344 1623 qutim
1353 1582 1426 1622 pro
1436 1581 1598 1618 numero.
1613 1568 1638 1609 J
1643 1581 1715 1611 ιικπ·

979 1632 1017 1664 ta
1032 1638 1274 1664 communem
1292 1623 1473 1675 regulam,
1488 1623 1568 1675 qua
1575 1632 1714 1675 quarta

979 1693 1064 1731 pai-s
1099 1679 1252 1725 militat,
1292 1677 1322 1716 si
1369 1678 1509 1716 fuerint
1534 1678 1713 1716 sexcenta

979 1733 1103 1772 millia
1124 1734 1376 1778 obsessorum,
1411 1738 1565 1770 centum
1601 1731 1715 1782 quin·

978 1787 1160 1838 quaginta
1172 1786 1292 1824 millia
1303 1786 1397 1823 ferre
1409 1797 1517 1824 arma
1527 1789 1715 1835 poterant.

981 1842 1046 1886 At,
1069 1842 1118 1878 ob
1138 1840 1347 1878 fanaticum
1366 1839 1389 1878 J
1395 1839 1592 1876 udaeorum
1610 1838 1715 1877 fum-

978 1907 1071 1939 rem,
1085 1894 1225 1946 plui-m,
1236 1892 1352 1945 quam
1364 1906 1435 1945 pro
1452 1892 1526 1930 hoc
1538 1903 1722 1941 numeru„

977 1949 1186 1987 audebant.

1032 2000 1046 2024 ⁵
1076 2002 1213 2053 Major
1238 2001 1325 2039 vita:
1342 2006 1472 2038 metus.
1518 1999 1564 2037 Id
1591 2012 1713 2039 unum

979 2057 1198 2095 metuebant
1225 2067 1272 2093 ne
1296 2053 1380 2093 urbi
1410 2052 1630 2105 temploque
1650 2065 1715 2092 su·

977 2110 1146 2160 perstites
1172 2109 1352 2146 viverent.
1398 2106 1500 2145 Vide
1533 2106 1712 2154 Dionem.

976 2166 1282 2214 va.1p..748
1336 2160 1429 2199 Inde
1456 2159 1595 2212 hodieq
1597 2173 1645 2199 ue
1673 2165 1714 2199 et

974 2219 1012 2256 in
1030 2218 1111 2279 ipso
1127 2215 1280 2255 excidio
1290 2214 1313 2253 J
1318 2214 1437 2253 udaeis
1449 2222 1576 2253 manet
1548 2173 1722 2266 eqquanx

975 2272 1167 2309 maximus
1207 2270 1311 2309 urbis
1347 2267 1559 2308 Jerusalem
1591 2279 1715 2314 amor.

974 2325 1092 2377 quam
1110 2323 1280 2362 maxima
1296 2321 1498 2360 veneratio.

1017 2374 1036 2396 ⁶
1050 2377 1187 2416 Struei
1188 2381 1311 2415 entur.
1327 2376 1524 2415 Hactenus
1532 2373 1714 2416 Tacitum

973 2439 1126 2471 secutus
1145 2433 1303 2482 ejusque
1319 2429 1510 2480 exemplo,
1527 2427 1550 2470 J
1555 2427 1715 2468 udmcu

977 2500 1032 2524 res
1052 2485 1134 2526 fuse
1151 2491 1376 2536 prosecutus
1397 2496 1506 2522 ..ιιιιιι
1530 2494 1634 2522 nuuc
1645 2482 1714 2537 jn}-

976 2546 1041 2579 iat
1059 2538 1278 2581 coronidem
1297 2537 1488 2584 adtexere,
1517 2542 1557 2573 et
1581 2534 1715 2574 sinen·

974 2595 1074 2632 sium
1091 2592 1114 2631 J
1120 2592 1317 2636 udaeorum
1336 2595 1609 2638 monumenta(
1620 2600 1716 2628 non·
1742 2627 1748 2631 ,

976 2649 1069 2686 dum
1088 2645 1205 2692 edita,
1226 2643 1440 2696 publicare.
1485 2643 1570 2682 Nec
1587 2643 1718 2681 erudi-

975 2711 1057 2739 tum
1079 2700 1259 2738 lectorem
1279 2698 1423 2750 pigebit
1445 2697 1712 2736 Romanorum

977 2753 1267 2804 Sinensiumque
1301 2752 1348 2790 de
1378 2752 1400 2791 J
1407 2750 1524 2790 udaens
1561 2749 1717 2811 judicia

977 2808 1158 2854 conferre,
1168 2814 1208 2845 et
1217 2811 1306 2844 utra
1313 2805 1400 2857 plus
1411 2804 1615 2856 aequitatis,
1626 2801 1717 2855 plus]

978 2861 1143 2900 veritatis
1162 2860 1326 2898 habeant
1344 2857 1570 2910 expendere.
1615 2857 1728 2900 Vidn
1736 2877 1738 2880 ·

977 2922 1055 2957 not.
1067 2921 1106 2955 et
1121 2913 1269 2956 emend.
1289 2913 1340 2954 ad
1358 2912 1460 2955 Hist.
1474 2921 1516 2951 V.
1532 2914 1599 2952 18.

1393 3084 1413 3096 ἱ
