1786 3204
72 173 114 214 J»
129 172 180 211 C.
201 165 277 216 69.
315 189 320 199 ·
384 162 803 209 ·,HISTORIARUM
833 161 997 201 LIBER
1027 162 1334 204 SECUNDUS.
1553 172 1633 214 117

73 270 426 325 Valentis'fama
445 270 571 335 apud
593 267 851 317 exercitum
875 265 1078 316 Caecinae
1100 278 1226 315 erat:
1264 272 1299 296 “
1322 268 1557 333 expositos
1578 287 1630 321 se

77 356 110 380 “
131 364 260 401 tanto
299 349 539 415 pauciores
570 345 762 411 integris
805 344 1010 393 hostium
1044 345 1219 394 viribus
1236 346 1270 368 ”
1295 348 1628 411 querebantur,

73 430 213 480 simul
247 429 298 477 in
325 444 459 477 suam
493 424 858 482 excusationem,
899 434 947 471 et
979 423 1325 472 adventantium
1357 426 1505 474 robur
1542 443 1631 491 per

72 507 387 557 adulationem
407 503 684 562 attollentes,
706 518 767 550 ne
788 512 842 550 ut
862 500 971 550 victi
992 513 1039 550 et
1058 501 1211 567 ignavi
1233 503 1626 567 despecmrentur.

73 585 138 635 Et
181 599 464 650 quamquam
506 581 612 645 plus
655 579 843 638 virium,
895 595 1061 643 prope·
1085 580 1344 644 duplicatus
1388 581 1628 648 legionum

71 662 446 728 auxiliorumque
467 675 691 707 numerus
713 652 1033 716 erat'Valenti,
1067 658 1218 707 studia
1247 670 1402 707 tamen
1424 660 1627 709 militum

71 741 123 789 in
160 740 397 791 Caecinam
430 736 741 795 inclinabant;
788 751 930 799 super
972 735 1304 801 benignitatem
1337 737 1495 797 animi,
1530 738 1628 804 quii,

73 818 302 883 promtior
341 817 614 874 habebatur,
647 813 785 863 etiam
819 813 981 878 vigore
1011 813 1188 873 aetatis,¹
1224 815 1499 879 proceritate
1524 833 1629 866 cor.

71 895 216 963 poris,
248 906 297 944 et
331 895 535 959 quodam
573 891 696 940 inani
730 889 927 940 favore.²
992 891 1117 940 Hinc
1148 892 1382 943 aemulatio
1411 894 1625 943 ducibus.

76 973 284 1032 Caecina,
319 977 353 1000 “
376 983 429 1020 ut
443 970 633 1019 foedum·
649 981 696 1018 et
712 969 1003 1019 maculosum
1020 971 1071 1018 :''
1089 972 1102 997 ³
1125 970 1222 1030 ille,
1245 975 1279 999 “
1302 983 1355 1019 ut
1375 988 1549 1020 vanum
1569 990 1625 1022 ac

77 1056 109 1078 “
130 1051 415 1109 tumidum,'·’
434 1048 706 1097 inridebant.
776 1048 870 1096 Sed
901 1048 1088 1097 condito
1111 1049 1240 1108 odio,
1263 1050 1476 1098 eamdem
1506 1050 1627 1098 utili-

75 1140 218 1178 tatem
239 1127 416 1187 fovere,
450 1126 623 1176 crebris
645 1124 863 1191 epistolis,
896 1126 995 1174 sine
1016 1138 1230 1190 respectu
1255 1127 1420 1186 veniae,
1455 1118 1628 1192 probra

77 1206 259 1262 Othoni
279 1207 588 1272 objectantes:
625 1205 740 1253 cum
763 1204 906 1252 duces
928 1204 1129 1268 partium
1161 1204 1381 1263 Othonis,
1417 1205 1627 1270 quamvis

77 1283 313 1337 uberrima
335 1283 651 1333 conviciorum
667 1284 717 1355 in
739 1283 978 1332 Vitellium
1000 1282 1209 1343 materia,
1242 1283 1534 1334 abstinerent.

146 1448 226 1489 31.
261 1442 406 1490 SANE
443 1451 549 1489 ante
584 1440 823 1506 utriusque
858 1441 1055 1502 exitum,
1093 1458 1189 1507 quo
1224 1441 1460 1508 egregiam
1492 1441 1625 1490 Otho

76 1517 268 1578 famam,
301 1518 514 1568 Vitellius
548 1518 961 1585 flagitiosissimam,
1000 1536 1231 1579 meruere,
1265 1520 1425 1569 minus
1454 1519 1644 1569 Vitellii.

77 1596 257 1663 ignavae
291 1596 567 1662 voluptates,
600 1598 745 1662 quam
782 1598 984 1647 Othonis
1017 1597 1377 1664 flagrantissimae
1416 1594 1627 1647 libidines

77 1672 373 1726 timebantur.
440 1675 700 1723 Addiderat
722 1676 829 1724 huic
851 1687 1080 1725 terrorem
1095 1682 1245 1741 'atque
1279 1676 1440 1724 odium
1473 1678 1626 1725 caedes

79 1751 280 1812 Galbae;
317 1764 495 1812 contra,
528 1753 594 1802 illi
628 1753 811 1803 initium
835 1754 944 1803 belli
966 1770 1106 1803 nemo
1128 1754 1419 1819 imputabat!
1484 1753 1628 1802 Vitel-

77 1828 186 1888 lius,
218 1841 380 1878 ventre
413 1841 468 1878 et'
493 1829 606 1896 gula
639 1831 725 1879 sibi
754 1831 840 1896 ipsi
867 1832 1040 1892 hostis;
1080 1832 1228 1890 Otho,
1265 1832 1400 1890 luxu,
1432 1831 1627 1892 saevitifi,

70 1906 288 1966 audacia,
303 1907 569 1972 reipublicae
584 1909 820 1960 exitiosior
837 1911 1105 1959 ducebatur.
1136 1909 1408 1975 Conjunctis
1424 1909 1628 1960 Caecinae

76 2000 133 2036 ac
156 1984 362 2036 Valentis
384 1985 542 2049 copiiS,
577 1987 707 2035 nulla
731 1988 855 2036 ultra
875 1995 1018 2052 penes
1039 1987 1308 2037 Vitellianos
1329 2003 1478 2046 mora,
1514 1987 1630 2052 quin

78 2061 187 2110 totis
219 2061 394 2111 viribus
426 2075 670 2113 certarent.
740 2066 872 2115 Otho
893 2061 1184 2125 consultavit,
1217 2070 1252 2094 “
1274 2063 1392 2113 trahi
1430 2063 1628 2125 bellum,

82 2142 116 2190 ·‘.‘
135 2154 199 2187 an
218 2137 454 2195 fortunam
484 2141 691 2206 experiri
714 2142 968 2207 placeret.''
1031 2143 1163 2192 Tum
1181 2142 1439 2191 ‘Suetonius
1460 2141 1630 2191 Paulli·

79 2231 188 2275 nus,
222 2216 418 2283 dignum
461 2216 587 2267 fama
608 2219 707 2274 ‚sua
741 2231 886 2279 ratus,
930 2219 1025 2286 qufi
1063 2236 1204 2270 nemo
1242 2218 1321 2286 illa
1359 2230 1631 2289 tempestate

81 2292 299 2342 militaris
329 2295 396 2343 rei
451 2295 659 2344 callidior
713 2297 984 2357 habebatur,
1023 2297 1083 2346 de
1136 2307 1236 2344 toto
1291 2312 1464 2362 genere
1518 2297 1631 2345 belli

82 2386 299 2418 censere·
287 2407 302 2430 ,
345 2376 379 2400 “
419 2370 755 2423 festinationem
791 2374 1018 2435 hostibus,
1055 2391 1238 2426 moram
1280 2373 1387 2442 ipsis
1430 2373 1629 2437 utilem”

79 2440 310 2511 disseruit.

83 2616 88 2622 -
160 2590 176 2609 ¹
219 2592 359 2643 Vigore
391 2594 528 2633 oetatis.
571 2596 674 2634 Vide
704 2609 823 2648 supra
897 2597 999 2636 titia
1003 2610 1050 2637 ac
1078 2597 1239 2636 libidine
1264 2597 1408 2636 foedum
1432 2602 1471 2638 et
1495 2610 1630 2636 macu-

89 2645 193 2686 Hist.
214 2657 244 2684 1.
268 2651 333 2684 53.
898 2652 1035 2698 losum,
1050 2652 1216 2690 vidimus
1233 2664 1351 2702 supra
1364 2651 1466 2690 Hist.
1485 2663 1515 2690 1.
1534 2649 1601 2691 66.

80 2719 87 2729 ·
141 2695 163 2726 -²
181 2698 354 2743 Quodam
373 2701 637 2753 inani-favore.
694 2704 821 2743 Etiam
951 2704 972 2726 ⁴
1001 2706 1122 2744 Nemo
1141 2706 1360 2756 imputabat.
1389 2705 1492 2743 Cum
1519 2718 1630 2756 segne

89 2754 229 2802 specie
233 2754 404 2792 inanium
423 2754 584 2803 validus,
603 2764 647 2795 ut
665 2758 712 2795 de
729 2759 823 2796 Cor·
896 2766 991 2798 esset
1002 2758 1162 2797 Vitellio
1181 2759 1387 2810 ingenium,
1399 2758 1455 2795 ini
1473 2758 1628 2796 initium

89 2804 233 2844 hulone
259 2808 408 2846 dictum
444 2816 501 2846 est
534 2822 651 2860 supra
678 2812 822 2849 Annal.
900 2813 989 2850 belh
1004 2813 1357 2864 nemounputabat
1413 2810 1519 2857 Inde,
1537 2812 1631 2850 licet

88 2860 405 2899 x111.8.Vide
424 2871 504 2901 not.
530 2870 569 2900 et
596 2866 744 2903 emend.
772 2867 822 2903 ad
899 2867 1004 2918 prior
1021 2867 1061 2903 in
1080 2866 1224 2903 bellum
1245 2866 1492 2917 prorupisset,
1513 2866 1537 2904 ὲ
1554 2865 1632 2932 suis

93 2912 196 2952 Hist.
216 2925 265 2950 11.
281 2915 348 2953 30.
899 2928 1047 2959 tractus
1062 2920 1276 2959 videbatur.

145 2963 162 2987 ⁸
182 2966 239 3006 Et
250 2969 486 3009 maculosum.
507 2971 544 3010 V
547 2971 723 3022 alentem,
739 2968 827 3012 ava·
