2210 3984
452 176 550 224 AD
589 173 712 224 LIB.
749 174 843 223 111.
880 174 1052 224 HIST.
1089 175 1147 223 C.
1184 173 1392 225 CORN.
1428 175 1675 225 TACITI.
1917 178 2012 231 563

155 300 351 355 Tantas
378 319 504 371 opes
529 298 949 372 Capitoliumque
973 301 1155 354 iterum
1198 301 1446 354 absumsit
1488 301 1742 354 bellorum
1783 301 2007 359 civilium

85 394 244 446 furor.
319 393 531 453 Quanto
554 395 750 465 majore
783 393 1166 463 magnificentia
1201 392 1232 445 a
1257 394 1576 464 Vespasiano
1605 394 2012 468 Domitianoque
2053 427 2057 429 Δ

84 486 237 539 fuerit
259 485 547 538 restitutum
573 485 766 538 dicetur
789 486 841 537 in
866 497 972 538 not.
998 497 1049 538 et
1073 488 1271 538 emend.
1296 488 1359 538 ad
1386 486 1528 539 Hist.
1559 504 1639 538 tv.
1667 494 1753 539 53.

159 577 439 650 Intevjecto
467 588 762 630 CCCCXXV.
788 596 1036 630 annorum
1061 579 1248 648 spatia.
1289 577 1351 630 In
1372 565 1516 630 'libris
1541 578 1782 632 omnibus
1808 581 2010 651 scriptis

84 680 136 723 et
159 670 307 724 editis
335 682 585 723 CCCCXV.
620 689 887 723 annorum.
962 669 1134 722 Immo
1159 671 1398 739 expresse
1423 669 1474 722 in
1508 670 1727 724 editione
1752 673 2006 743 principe,

81 762 574 835 quadringentomm
598 763 882 834 quindecim
909 780 1177 814 annorum.
1252 762 1328 814 At
1352 762 1470 814 cum
1487 783 1549 815 ex
1576 762 1690 833 ipsa
1715 775 2008 834 temporum

81 853 294 919 ratione,
333 852 389 907 ut
413 855 464 907 in
491 855 650 907 Notis
675 854 895 906 diximus
920 873 1089 923 supra,
1127 864 1326 906 constet
1350 853 1675 925 interjectum
1703 856 1857 909 fuisse
1885 879 2011 928 qua-

84 946 462 1016 dringentorum
505 946 680 1017 viginti
723 946 946 1017 quinque
986 964 1231 998 annorum
1276 946 1517 1015 spatium,
1556 947 1626 999 ita
1661 948 1758 1000 fuit
1799 951 2008 1004 omnino

82 1039 471 1105 emendandum,
531 1058 596 1091 ne
643 1038 864 1091 narratio
913 1037 1274 1108 inquinaretur.
1350 1038 1515 1091 Recte
1560 1059 1764 1109 quoque
1808 1053 2010 1095 vertunt

84 1129 387 1195 Davanzati,
442 1139 792 1202 quattrocento
838 1129 1152 1201 vinticinque
1195 1130 1353 1192 almi.-
1410 1129 1493 1182 Cl.
1538 1130 1773 1196 Gordon‚
1827 1139 1861 1163 ‘⁴
1888 1135 2008 1185 four

80 1223 311 1276 hundred
349 1224 447 1276 and
487 1235 674 1291 twenty
711 1223 812 1275 five
851 1223 1044 1291 years.'’
1119 1222 1354 1292 Murphy
1379 1222 1543 1287 vertit,
1582 1228 1616 1253 “
1639 1225 1755 1276 four
1779 1225 2007 1277 hundred

81 1317 178 1368 and
208 1315 447 1369 'fifteenss'
582 1298 587 1303 ,
1693 1340 1695 1342 ·

157 1407 308 1461 Inter
349 1416 516 1461 tanta.
589 1406 671 1461 Ita
716 1407 886 1461 MSS.
932 1407 1065 1476 Reg.
1108 1407 1260 1460 Harl.
1305 1407 1460 1459 Bodl.
1502 1408 1614 1461 Jes.
1664 1407 1825 1461 Corb.
1876 1409 2011 1479 Agr.

79 1498 327 1552 editiones
350 1509 544 1553 veteres
569 1510 620 1553 et
643 1499 964 1553 recentiores.
1042 1499 1267 1552 Pichena
1311 1510 1574 1570 tamquam
1617 1498 1647 1551 ὲ·
1692 1500 1820 1554 MS.
1865 1501 2033 1569 Flor.*

82 1591 328 1658 ediderat,
365 1593 502 1667 inter
526 1600 617 1644 tot.
691 1593 783 1657 At,
821 1602 879 1645 ut
921 1591 1057 1644 recte
1102 1592 1301 1644 monuit
1334 1611 1396 1644 ex
1420 1592 1540 1645 JaC.
1568 1592 1838 1645 Gronovio
1866 1594 2008 1661 Ryc-

83 1682 214 1748 kius,
252 1703 346 1754 per
368 1684 626 1738 literarum
651 1685 958 1754 compendia
984 1684 1036 1736 in
1062 1684 1191 1737 MS.
1217 1683 1359 1738 Flor.
1402 1684 1650 1755 scriptum
1689 1687 1770 1739 int
1813 1694 1886 1752 ta,
1923 1686 2006 1740 vel

82 1776 165 1831 int
200 1789 257 1831 at
275 1799 292 1831 .·
328 1777 430 1830 hoc
454 1776 589 1830 enim
618 1776 698 1829 vix
724 1776 941 1829 discerni
967 1785 1155 1846 potest.

157 1962 307 2024 CAP.
335 1970 422 2022 73.
464 1962 675 2035 Trepidi
696 1963 901 2017 milites.
978 1963 1068 2017 Sic>
1091 1982 1266 2017 omnes
1292 1962 1465 2017 MSS.
1508 1963 1664 2017 editio
1690 1963 1929 2034 princeps
1952 1975 2005 2018 et
2080 2006 2088 2011 .

83 2038 405 2107 recentiores.
483 2055 815 2121 PuteolanuS,
854 2055 1079 2125 trepidus
1101 2055 1259 2109 miles.

156 2145 362 2219 Fugam
407 2157 722 2219 coeptantem.
800 2145 946 2200 Bene
998 2147 1115 2200 libri
1156 2147 1330 2217 scripti
1373 2157 1425 2199 et
1459 2146 1598 2199 editi.
1677 2146 2004 2218 Conjiciebat

82 2250 252 2293 tamen
278 2238 522 2304 Pichena,
563 2249 856 2305 tentantem,
894 2238 974 2292 vel
999 2248 1304 2311 captantem.

159 2330 371 2385 Saa'met
391 2331 642 2387 vanitate.
720 2332 847 2385 MS.
877 2331 1041 2385 Corb.
1070 2331 1179 2384 8υᾶ
1219 2332 1466 2384 vanitate.
1545 2330 1806 2401 Corrupte
1849 2330 2006 2384 editio

83 2424 340 2496 princeps,
376 2412 469 2478 suci
492 2425 708 2478 unitate.

158 2516 387 2570 Jecerat.
437 2516 713 2588 Eleganter
750 2525 803 2568 et
842 2515 1080 2585 apposite
1107 2515 1319 2567 dictum.
1359 2514 1508 2583 Male
1535 2525 1694 2568 tentat
1718 2514 2002 2579 AcidaliuS,

64 2607 292 2682 fecerat.

157 2792 309 2847 CAP.
334 2801 422 2853 74.
462 2793 852 2866 Ignoratusque.
930 2792 1076 2846 Bene
1113 2791 1284 2845 MSS.
1320 2791 1462 2846 Flor.
1502 2791 1655 2845 Harl.
1699 2790 1856 2844 Bodl.
1891 2789 2002 2844 Jes.

86 2884 250 2939 Corb.
277 2885 454 2939 Guelf.
482 2886 611 2955 Agr.
653 2884 968 2938 Puteolanus
993 2895 1044 2938 et
1076 2883 1399 2937 recentiores,
1474 2883 1539 2937 In
1583 2883 1710 2937 MS.
1753 2881 1922 2935 Vatic.
1953 2891 2005 2934 et

83 2978 306 3031 editione
332 2976 579 3047 principe,
616 2978 944 3048 ignarusque.

161 3068 325 3123 Casus
346 3087 456 3121 suos
488 3069 546 3120 in
578 3086 829 3120 marmore
853 3085 1153 3140 expressam.
1229 3066 1447 3136 Optime
1473 3065 1644 3127 MSS.
1670 3065 1811 3118 Flor.
1840 3065 2002 3119 Corb.

84 3162 214 3232 Agr.
241 3171 294 3214 et
318 3160 546 3230 Ryckius
571 3158 774 3229 aliique.
849 3161 936 3213 Sic
978 3179 1184 3231 quoque
1226 3160 1381 3211 editio
1424 3158 1692 3228 princeps:
1730 3177 1858 3223 suos,
1897 3168 2005 3210 tan-

86 3254 197 3307 tum
244 3253 297 3305 in
344 3254 410 3306 est
474 3253 736 3305 omissum.
812 3251 1148 3316 PuteolanuS,
1211 3269 1447 3322 casusque
1490 3268 1602 3302 suos
1649 3252 1707 3303 in
1752 3267 2007 3303 marmore

86 3345 341 3416 expressit.
414 3343 753 3414 Inscriptione
795 3363 1066 3409 marmore,
1124 3363 1187 3397 an
1229 3343 1427 3408 caelat0,
1467 3362 1612 3395 casus
1654 3361 1771 3395 suos
1816 3340 2005 3395 Domi·

87 3435 251 3491 tianus
276 3435 580 3506 expresserit
604 3436 870 3491 incertum.
911 3435 1169 3491 Caelatura
1191 3446 1362 3491 tamen
1387 3433 1723 3505 probabilius,
1761 3444 1818 3488 ut
1841 3433 2005 3492 visum
