1786 3204
434 399 536 472 xC.
611 396 1227 471 CORNELII

205 623 208 625 ’
342 608 431 711 Τ
532 610 636 706 Α
746 609 831 702 C
939 610 993 702 I
1097 608 1186 705 T
1288 612 1344 707 I

544 823 1140 903 HISTORIAE.

468 1209 728 1265 LIBER
766 1208 1213 1266 SECUNDUS.

506 1551 572 1601 A.
596 1550 664 1601 U.
690 1550 750 1603 C.
769 1558 883 1601 822.
934 1551 977 1602 J.
1002 1551 1060 1602 C.
1087 1556 1168 1601 69.

148 1745 192 1786 1.
231 1718 536 1787 STRUEBAT
568 1734 666 1801 jam
700 1731 905 1794 fortuna,
934 1732 984 1782 in
1004 1732 1188 1782 diversa
1222 1746 1352 1799 parte
1372 1746 1621 1802 terrarum,

74 1813 202 1863 initia
222 1827 473 1877 causasque
493 1810 688 1875 imperio
703 1829 718 1860 z
755 1812 884 1877 quod
906 1810 1031 1859 varia
1066 1824 1208 1871 sorte,
1241 1812 1403 1862 laetum
1436 1817 1623 1881 reipub-

75 1892 198 1951 licae,
219 1901 298 1939 aut
319 1901 473 1948 atrox,
493 1888 603 1953 ipsis
627 1889 916 1954 Principibus
938 1907 1231 1954 prosperum,
1253 1902 1332 1940 aut
1354 1893 1494 1942 exitio
1516 1893 1621 1944 fuit.

73 1969 212 2016 Titus
241 1966 546 2032 Vespasianus
578 1965 604 2015 ὲ
627 1965 808 2027 Ιιιάεεὲἰ,
837 1967 1061 2016 incolumi
1082 1968 1233 2017 adhuc
1259 1969 1432 2030 Galba,
1455 1970 1624 2020 missus

78 2045 109 2093 a
128 2047 293 2109 patre,¹
315 2059 502 2093 musam
525 2043 822 2108 profectionis
858 2050 893 2073 ‘⁶
914 2044 1118 2093 officium
1141 2062 1252 2111 erga
1274 2047 1554 2111 Principem,
1576 2059 1624 2097 et

79 2128 116 2151 “
149 2133 378 2170 maturam
415 2120 624 2186 petendis
661 2120 916 2179 honoribus
946 2123 1187 2188 juventam
1201 2124 1234 2145 ”
1269 2122 1460 2172 ferebat.
1527 2126 1622 2174 Sed

79 2199 250 2265 vulgus
284 2199 492 2264 fingendi
529 2198 736 2259 avidum,
772 2198 1065 2263 disperserat,
1099 2204 1135 2227 “
1158 2200 1355 2261 acci-'mm
1390 2201 1439 2248 in
1477 2202 1623 2266 adop-

81 2281 116 2305 “
150 2275 323 2324 tionem
337 2277 388 2324 :’'
423 2276 614 2324 materia
644 2275 954 2335 sermonibus,
987 2276 1167 2324 senium
1201 2289 1247 2326 et
1285 2277 1455 2326 orbitas
1492 2279 1625 2326 Prin-

79 2352 229 2418 cipis,²
251 2364 298 2400 et
319 2352 666 2416 intemperantia
686 2352 892 2411 civitatis,
915 2353 1063 2401 donec
1080 2370 1201 2402 unus
1222 2354 1435 2420 eligatur,
1451 2356 1625 2404 multos

82 2429 351 2478 destinandi.
419 2431 639 2495 Augebat
659 2428 850 2489 famam,
870 2430 1011 2494 ipsius
1044 2431 1138 2479 Titi
1159 2431 1398 2497 ingenium
1420 2444 1624 2497 quantae-

8 2574 11 2576 >
82 2524 284 2572 cumque
305 2505 507 2557 fortunae
529 2524 694 2573 capax,
723 2509 866 2557 decor
887 2508 980 2556 oris
1002 2524 1112 2559 cum
1134 2509 1336 2574 quadam
1372 2512 1622 2575 majestate,

139 2673 153 2691 ¹
183 2675 222 2712 A
234 2680 361 2725 patre.
388 2674 637 2725 Vespasiano,
653 2676 721 2726 qui
736 2689 818 2714 sus—
890 2676 1103 2714 trucidatus
1118 2683 1189 2714 est.
1235 2675 1311 2714 Sed
1327 2677 1513 2728 decretum
1533 2676 1572 2715 V
1568 2690 1623 2718 es,-

82 2735 217 2778 pctus
251 2736 332 2766 erat
366 2727 517 2766 Galbae.
559 2730 670 2767 Unde
704 2730 813 2767 Suet.
885 2730 1064 2779 pasiauus
1091 2731 1264 2775 abolevit,
1283 2743 1520 2780 percussores
1551 2730 1623 2768 sabi

83 2782 125 2818 in
142 2778 283 2826 Galba,
305 2793 442 2819 xxnx.
470 2781 644 2829 Senatus,
666 2789 710 2820 ut
732 2784 816 2833 pri·
889 2795 935 2820 et
958 2782 1149 2832 Hispania
1166 2784 1205 2821 in
1228 2783 1399 2831 Judoeam
1415 2783 1622 2830 submisisse

85 2833 183 2871 mam
200 2834 437 2885 licitumsuit
463 2841 628 2874 statuam
644 2836 691 2882 ei,
721 2835 816 2874 Gal-
890 2835 1075 2887 opinatus.

25 2929 34 2934 ,
85 2888 159 2932 bae,
184 2888 416 2934 decreverat,
444 2895 621 2929 rostratae
640 2890 816 2928 columna:
944 2887 963 2905 ²
989 2889 1195 2948 Principis.
1224 2890 1375 2930 Galbae.

82 2946 358 2995 superstantem
392 2942 431 2980 ιἰι
461 2948 575 2994 parte
595 2942 699 2995 fori,
743 2942 819 2996 9αᾷ
