2210 3978
428 169 528 218 AD
565 167 693 217 LIB.
728 168 820 217 IV.
856 167 1028 217 HIST.
1065 168 1124 217 C.
1159 166 1372 216 CORN.
1405 167 1654 217 TACITI.
1883 169 1983 222 638

52 310 168 351 rum
191 294 411 364 hyemali
436 313 640 349 occasu.
695 295 884 348 Exdie
900 295 1063 365 ⁴igitur
1088 294 1237 348 tertio
1264 294 1450 348 Iduum
1479 294 1798 351 Novembris
1816 316 1980 370 usque

51 387 106 442 in
152 388 287 442 diem
333 399 535 443 sextum
577 387 762 442 Iduum
808 389 1119 442 Martiarum
1160 388 1320 452 maria
1363 388 1718 445 clauduntur.''
1789 390 1978 444 Tacito

50 492 227 535 autem
265 481 571 551 suffragatur
607 482 890 552 Josephus,
931 481 1068 534 Bell.
1091 483 1127 536 J
1134 484 1220 534 ud.
1248 499 1329 535 lv.
1360 490 1442 536 11.
1466 501 1519 536 n.
1545 490 1596 535 5.
1634 483 1786 545 Αὐτὸς
1821 482 1976 552 μέντοι

46 576 454 644 (Οὐεσπασιανὸς)
482 580 544 637 εἷς
566 578 648 640 τὴν
671 574 855 643 Ῥώμην
878 573 1061 648 ὥρμητο
1089 576 1313 639 λῆξαντος
1335 581 1416 629 τοῦ
1443 579 1676 647 χειμῶνος
1700 575 1978 649 ἀνοίγεσθαι,

49 668 132 721 καὶ
157 667 313 740 τάχος
336 672 402 720 τοὶ
427 672 557 722 κατ-οὶ
580 667 663 734 τήν
682 667 1034 742 Ἀλεξάνδρειαν
1059 668 1229 722 ὃιῶκει.
1304 675 1340 700 “
1364 657 1486 739 Ipse
1510 680 1680 723 tamen
1707 668 1758 722 V
1754 671 1977 740 espa-sia-

47 779 145 814 nus
168 761 398 814 extremit
435 763 616 831 hyeme
642 762 870 815 Romam
903 761 1161 832 proficisci
1186 765 1426 831 parabat3
1464 773 1517 816 et
1554 760 1710 834 quam
1749 763 1975 834 primum

46 871 128 907 res
142 853 465 908 Alexandriae
486 855 890 925 componebat.”

43 995 47 1001 .
125 943 306 999 Multa
330 948 604 1001 miracula.
659 949 794 1008 Quae
819 948 1084 1003 mendacia
1108 948 1293 1015 veriim,
1318 948 1477 1020 quam
1502 948 1748 1003 miracula
1771 949 1973 1006 dixeris-

50 1037 207 1099 Quod
232 1039 411 1110 paucis
434 1039 812 1110 explicandum.
862 1058 865 1062 ·

350 1583 477 1639 DE
521 1582 1094 1652 VESPASIANJ
1130 1542 1675 1641 M'IRACULIS.
1722 1646 1723 1649 a

121 1904 303 1959 Titum
346 1903 571 1970 Livium,
616 1902 976 1969 Plutarchum,
1016 1913 1316 1975 ceterosque
1355 1902 1619 1959 immensae
1663 1904 1975 1963 credulitatis

27 1988 322 2069 »scriptores
346 1996 594 2050 miracula
612 1996 802 2067 passim
827 1998 1101 2049 obtrudere
1124 1996 1335 2050 minime
1355 1997 1542 2052 mirum
1565 2009 1661 2052 est.
1720 1999 1797 2053 At
1818 2001 1977 2055 Taci-

49 2103 192 2157 tum,
217 2091 450 2144 acerrimi
487 2089 693 2162 judicii,
740 2089 1161 2144 constantissimae
1202 2090 1386 2144 mentis
1433 2090 1616 2157 virum,
1664 2111 1768 2146 non
1813 2094 1977 2149 modo

0 2170 4 2174 ’
47 2183 294 2237 miracula
325 2202 543 2249 narrare,
569 2184 659 2236 sed
682 2182 837 2236 etiam
862 2182 921 2235 iis
945 2182 1100 2235 fidem
1126 2184 1296 2236 facere
1330 2181 1479 2250 velle,
1503 2184 1804 2238 incredibile
1836 2185 1978 2241 vide·

47 2289 202 2343 retur,
239 2276 292 2329 ni
329 2275 447 2329 satis
485 2277 620 2328 foret
656 2286 1000 2345 compertum,
1042 2276 1222 2328 natura
1260 2275 1509 2330 incertum
1541 2284 1608 2330 an
1644 2277 1977 2347 institutione,

48 2369 290 2423 omnibus
324 2369 486 2422 ferme
525 2367 774 2421 Romanis
812 2367 1018 2421 insitum
1056 2367 1213 2438 fuisse
1248 2368 1504 2439 religionis
1537 2388 1756 2438 sensum,
1792 2378 1901 2443 quo
1924 2373 1977 2428 in

47 2456 402 2517 'credulitatem
427 2463 820 2532 propenderent.
872 2462 1004 2522 Quae
1030 2462 1238 2532 quidem
1263 2462 1550 2530 credulitas,
1566 2473 1628 2516 -ut
1650 2463 1703 2516 in
1724 2463 1976 2534 humaniS,

48 2556 121 2610 sic
148 2575 355 2627 quoque
379 2555 559 2608 divinis
583 2555 635 2607 in
659 2557 832 2620 rebus,
866 2565 945 2607 est
976 2557 1125 2608 bonae
1151 2554 1333 2608 animae
1356 2544 1732 2631 argumentum,
1755 2576 1851 2611 nec
1879 2557 1978 2612 nisi

46 2652 100 2704 in
124 2630 388 2721 religiosos
413 2650 608 2702 animos
633 2648 828 2719 irrepit.
887 2646 1040 2700 Unde
1067 2648 1228 2718 magis
1251 2648 1410 2701 miror
1433 2639 1658 2702 extitisse
1681 2642 1976 2719 nonnuIIOS,

47 2743 138 2817 qui
183 2743 429 2798 Tacitum
472 2742 710 2808 ἀθεότητος
756 2729 1173 2795 insimulaverint.
1273 2741 1386 2799 Qut
1430 2740 1566 2794 enim
1624 2739 1753 2804 ἄθεος
1796 2743 1975 2797 haberi

47 2848 220 2911 potest
265 2837 358 2902 vir,
409 2836 495 2908 qui
538 2846 725 2907 praeter
765 2834 989 2905 plurima
1029 2832 1288 2904 religionis
1334 2833 1649 2903 monimenta
1682 2833 1975 2890 Annalibus
2041 2850 2046 2853 ’

47 2931 295 2998 intersita,
322 2931 376 2982 in
407 2929 485 2982 his
519 2929 644 2999 ipsis
681 2927 1032 2981 Historiarum
1055 2927 1198 2980 'libris
1221 2942 1314 2995 ope
1343 2925 1522 2980 divin&¹
1559 2927 1746 2980 mutari
1776 2928 1974 2985 animos
2055 2979 2058 2981 ,

47 3023 206 3096 paulo
242 3043 398 3094 supra
427 3005 555 3094 cap.
589 3028 678 3081 78.
715 3021 1145 3091 pronuntiaverit3
1183 3020 1271 3092 qui
1307 3039 1443 3073 nunc
1477 3020 1589 3074 ‘coeli
1615 3019 1884 3093 favorem,
1921 3035 1975 3079 et

46 3116 315 3171 numinum
348 3116 406 3169 in
438 3113 807 3187 Vespasianum
840 3113 1230 3168 inclinationem
1270 3113 1604 3183 profiteatur3
1639 3105 1730 3186 qui
1761 3115 1971 3171 demum

46 3208 319 3263 miracula
362 3208 432 3262 ita
479 3191 645 3262 bonus
684 3218 919 3276 enarrat,
969 3217 1027 3261 ut
1071 3207 1226 3260 fidem
1280 3206 1340 3260 iis
1387 3208 1558 3260 facere
1602 3207 1739 3260 haud
1791 3208 1972 3264 leviter

46 3301 319 3365 annitatur.
773 3284 775 3286 .
1467 3311 1470 3315 ’

34 3409 89 3453 ,··
117 3375 194 3448 At
217 3390 373 3466 quam
396 3394 555 3448 fidem
580 3392 814 3447 obtinere
832 3393 1020 3447 debent
1038 3391 1125 3446 illa
1143 3391 1444 3463 Vespasiani
1462 3393 1968 3462 miracula?nullam,

49 3496 107 3541 ut
130 3486 332 3559 opinor.
407 3488 602 3559 Atque,
636 3498 696 3542 ut
719 3486 847 3540 alios
870 3487 1061 3540 multos
1084 3485 1281 3552 sileam,
1305 3486 1376 3540 ita
1408 3475 1795 3559 quoque'sensit
1816 3487 1970 3542 Illus-

12 3654 15 3656 .
50 3580 297 3636 trissimus
328 3581 578 3648 Huetius,
617 3585 651 3614 ‘⁴
680 3580 1035 3636 Demonstrat.
1060 3577 1394 3648 Evangelio?
1434 3579 1698 3651 Proposit.
1725 3595 1806 3635 vr.
1842 3600 1893 3634 n.
1912 3581 1965 3635 6.

1006 3734 1042 3757 O
