1786 3204
48 157 91 200 J.
110 158 158 197 C.
177 153 244 202 69.
415 150 810 194 HISTORIARUM
838 149 1004 191 LIBER
1031 150 1257 192 PRIMUS.
1554 160 1602 202 17

49 261 109 310 ab
129 259 272 309 exule
294 257 399 318 fuit,
422 257 566 322 quam
583 255 744 321 postea
761 255 790 303 a
805 254 1032 319 Principe.
1102 253 1334 315 Luxuria,
1355 253 1600 321 industria,

12 344 14 347 “
49 337 282 397 comitate,
304 334 585 401 arrogantia,
607 333 740 383 malis
760 333 987 398 bonisque
1008 332 1183 381 artibus
1200 332 1374 382 mixtus
1393 351 1407 382 z
1442 334 1599 386 nimiae

45 415 321 479 voluptates,
355 414 470 463 cum
502 424 683 461 vacaret
699 429 714 460 ε
750 411 964 477 quotiens
985 410 1270 475 expedierat,
1292 427 1477 477 magnae
1497 412 1594 465 ,vir-

0 492 2 537 5
49 503 185 542 tutes.
254 493 413 542 Palam
430 491 659 549 laudareS,
681 501 857 539 secreta
879 487 1001 538 male
1025 488 1284 537 audiebant.
1355 490 1450 538 Sed
1471 492 1597 555 apud

47 572 298 637 subjectos,
333 570 457 634 apud
486 567 743 633 proximos,
774 567 899 630 apud
934 565 1153 631 collegas,
1187 565 1321 614 variis
1355 565 1599 617 inlecebris

47 659 243 712 potens:
280 659 326 696 et
365 647 440 696 cui
475 645 734 710 expeditius
766 643 908 693 fuerit
941 644 1123 692 tradere
1154 643 1420 708 imperium,
1451 645 1597 709 quam

46 724 270 774 obtinere.
340 724 527 772 Bellum
562 722 807 772 Judaicum
838 720 1022 770 Flavius
1061 720 1367 784 Vespasianus
1400 723 1597 787 (ducem

9 804 17 811 ”
44 819 157 851 eum
197 803 330 850 Nero
375 802 607 866 delegerat
623 800 663 862 ¹)
707 800 855 848 tribus
898 799 1157 866 legionibus
1172 802 1189 820 ²
1233 798 1593 849 administrabat.
1670 787 1673 801 ’

46 880 151 929 Nec
203 879 482 942 Vespasiano
531 878 758 928 adversus
815 877 1019 926 Galbam
1057 888 1238 935 votum,
1278 887 1359 924 aut
1395 876 1593 926 animus.

47 956 237 1021 Quippe
279 957 442 1005 Titum
490 956 657 1015 filiurn,
694 957 754 1004 ad
800 955 1143 1004 venerationem
1182 954 1455 1018 cultumque
1494 956 1594 1020 ejus

42 1034 245 1094 miserat,
269 1046 321 1082 ut
343 1051 428 1082 suo
459 1034 564 1082 loco
587 1033 980 1081 memorabimus.³
1050 1031 1253 1080 Occulta
1284 1031 1388 1097 lege
1414 1029 1512 1091 fati,
1540 1044 1587 1080 et

36 1111 242 1171 ostentis,
286 1129 339 1160 ac
383 1111 649 1175 responsis,⁴
692 1111 969 1159 destinatum
1013 1109 1293 1174 Vespasiano
1331 1109 1584 1176 liberisque

44 1190 144 1255 ejus
160 1189 424 1254 imperium,
446 1201 550 1253 post
566 1187 803 1236 fortunam
825 1187 1119 1237 credidimus.

115 1352 136 1392 1
150 1353 191 1392 1.
227 1347 511 1393 AEGYPTUM
543 1345 805 1411 copiasque,
829 1345 998 1411 quibus
1019 1355 1328 1404 coerceretur,
1360 1345 1457 1409 jam
1479 1343 1588 1393 inde

40 1420 70 1470 Ξ
107 1421 215 1470 divo
250 1426 488 1489 AugustO,
524 1425 699 1490 equites
736 1425 937 1472 Romani
953 1427 968 1453 ⁵
1003 1423 1229 1482 obtinent,
1263 1422 1368 1471 loco
1399 1437 1585 1487 regum.

39 1500 109 1552 Ita
143 1499 295 1548 visum
333 1501 570 1565 expedire,
609 1502 893 1567 provinciam
936 1502 1062 1550 aditu
1098 1499 1349 1558 difficilem,
1388 1514 1587 1548 annonae

6 1575 327 1637 1‚foecundam,
343 1579 679 1643 superstitione,
701 1598 754 1630 ac
778 1579 962 1629 lascivia
983 1579 1243 1630 discordem
1261 1589 1307 1625 et
1329 1571 1590 1636 mobilem,⁶

36 1653 226 1703 insciam
281 1656 468 1722 legum,
513 1658 742 1724 ignaram-
770 1659 1139 1725 magistratuum,
1186 1655 1313 1704 domi
1351 1653 1586 1702 retinere!

39 1731 253 1798 Regebat
309 1745 413 1781 tum
479 1735 694 1793 Tiberius
754 1737 1025 1786 Alexander
1039 1734 1055 1758 ⁸
1111 1734 1320 1802 ejusdem
1373 1729 1584 1781 nationis.

846 1878 922 1911 tam
940 1871 1069 1918 didici,
1087 1871 1213 1916 levem,
1233 1867 1445 1920 pendulam,
1471 1872 1509 1905 et
1536 1865 1586 1905 ad

846 1927 967 1965 omnia
975 1926 1096 1979 famoe
1112 1928 1293 1962 momenta
1311 1921 1586 1960 volitantem——

93 1864 107 1882 ¹
137 1866 360 1919 Delegerat.
387 1869 488 1908 Vide
509 1871 647 1923 Suppl.
666 1875 771 1911 Ann.

40 1932 135 1959 ΧΠ.
155 1924 205 1964 57
223 1929 262 1958 et
278 1935 356 1973 seq.

91 1973 108 1990 ²
171 1974 309 2014 Tribus
360 1976 582 2028 legionibus.
642 1979 767 2017 Immo

38 2035 207 2080 quatuor
236 2029 460 2080 legionibus,
487 2034 638 2072 scilicet
667 2045 708 2075 v,
728 2045 771 2071 x.

38 2094 108 2122 ΧΠ
125 2088 164 2120 et
190 2095 264 2121 xv.
322 2084 421 2123 Vide
451 2086 588 2139 Suppl.
628 2087 770 2125 Annal.

38 2148 132 2176 ΧΠ.
152 2140 218 2181 59.

14 2213 31 2236 ,ι
87 2187 105 2210 ³
162 2190 467 2231 Memorabimus.
523 2192 630 2232 Infra
669 2194 774 2233 Hist.

34 2256 88 2285 11.
122 2251 157 2285 l.

96 2298 116 2321 ⁴*
143 2300 311 2341 Ostentis
327 2315 372 2341 ac
388 2301 586 2353 responsis.
615 2302 676 2351 De
690 2301 778 2352 qui—

35 2353 106 2393 bus
126 2355 240 2406 plura
256 2356 354 2394 infra
372 2356 475 2395 Hist.
496 2369 545 2394 11.
564 2360 629 2400 78.

88 2406 104 2428 ⁵
132 2408 292 2460 Equites
310 2410 483 2449 Romani.
500 2410 621 2448 Vetiti
639 2409 770 2456 etiam,

30 2461 103 2500 nisi
122 2463 322 2514 permissu,
336 2473 524 2502 senatores
538 2471 607 2502 aut
624 2464 770 2518 equites

31 2515 199 2556 illustres
219 2518 431 2570 AEgyptum
449 2518 606 2569 ingredi,
621 2530 669 2555 ne
684 2518 770 2567 quis

30 2570 280 2620 provinciam,
307 2571 443 2623 populi
471 2572 635 2611 Romani
663 2571 769 2609 altri-

29 2635 128 2671 cem,
145 2635 379 2676 occuparet3
410 2631 454 2663 ut
477 2625 628 2665 dictum
650 2637 768 2675 snpra

29 2677 173 2716 Annal.
196 2690 245 2716 11.
266 2683 331 2724 59.
358 2679 461 2721 Vide
481 2692 637 2732 quoque
663 2679 769 2718 Stra·

32 2730 186 2778 bouem,
204 2744 319 2771 xvir.
363 2762 373 2770 .
391 2735 483 2772 548.

82 2780 102 2802 ⁶
129 2785 321 2825 Mobilem.
334 2746 430 2825 k{Yec
442 2786 555 2828 aliter
571 2783 768 2826 Adrianus

32 2837 257 2889 Imperator,
285 2841 376 2878 cum
407 2840 589 2879 Serviano
616 2839 767 2884 consuli

27 2892 221 2932 scriberet.
277 2894 497 2954 ΑΖΕ-φρίκη,
536 2907 644 2950 quam
679 2893 778 2932 milti*

3 2935 6 2938 ’
30 2944 224 2995 laudabas,
251 2946 431 2990 Servzane
459 2945 685 2998 charissime,
714 2953 770 2986 to·

302 3014 422 3052 ΥΟΕ..
457 3013 535 3049 111.

848 1980 976 2018 Genus
1021 1979 1203 2018 hominum
1254 1975 1585 2022 seditiosissimum,

846 2034 1096 2080 vanissimum,
1115 2030 1451 2083 injuriosissimum.
1481 2027 1583 2066 Civi-

848 2093 921 2134 tas,
962 2087 1213 2131 Alexandria,
1243 2084 1430 2136 opulenta,
1465 2081 1582 2129 dives,

834 2141 1031 2193 foecunda,
1057 2142 1096 2179 in
1128 2138 1202 2191 qud
1228 2150 1331 2176 nemo
1359 2137 1465 2175 vivat
1489 2135 1585 2174 otio-

848 2209 922 2234 sus,
977 2195 1061 2233 Alii
1079 2195 1218 2233 vitrum
1233 2192 1410 2242 conflant,
1435 2190 1480 2228 ab
1496 2189 1585 2228 aliis

848 2250 981 2297 charta
1000 2249 1216 2301 conjicitur:
1247 2245 1315 2283 atii
1339 2243 1582 2296 linyphiones,

851 2307 1064 2349 (meavers)
1094 2307 1207 2340 sunt:
1238 2311 1359 2338 omnes
1392 2296 1493 2336 ceree
1522 2310 1585 2335 cu·

833 2359 1059 2408 juscumque
1085 2355 1181 2397 artis
1199 2360 1236 2392 et
1260 2353 1436 2391 videntur
1453 2356 1491 2390 et
1519 2351 1586 2388 ha·

846 2411 993 2449 bentur.
1069 2406 1283 2460 Podagrosi
1323 2405 1421 2456 quod
1463 2410 1583 2456 agant

846 2464 980 2503 habent
994 2480 1006 2504 :
1037 2464 1171 2502 habent
1188 2460 1275 2501 coeci
1293 2458 1553 2512 quodfacia‘nt
1565 2474 1579 2496 .-

844 2530 889 2556 ne
907 2518 1114 2569 chiragrici
1141 2515 1285 2567 quidem
1311 2513 1412 2564 apud
1434 2525 1495 2551 eos
1512 2512 1585 2551 oti-

845 2572 901 2611 osi
929 2572 1077 2611 vivunt.
1111 2570 1273 2623 Vopisc.
1305 2567 1349 2606 iu
1385 2566 1583 2606 Saturnin.

844 2637 945 2663 vm.

895 2675 912 2699 ⁷
934 2678 1059 2719 Domi
1092 2676 1270 2716 retinere.
1315 2675 1376 2712 Ita
1406 2680 1452 2714 ut
1483 2671 1583 2711 nihil

841 2739 1043 2773 externum
1062 2733 1259 2782 cogitaret,
1283 2727 1471 2780 nullaque
1487 2734 1581 2778 esset

840 2797 1026 2825 novarum
1045 2798 1173 2824 rerum
1191 2791 1362 2822 materia.

896 2837 912 2858 ⁸
936 2839 1107 2878 Tiberius
1127 2837 1361 2878 Alexander.
1379 2835 1461 2881 Qui
1477 2835 1580 2873 idem

842 2892 1008 2943 videtur,
1025 2895 1072 2931 de
1090 2905 1169 2945 quo
1187 2903 1306 2943 supra
1330 2889 1475 2929 Annal.
1503 2900 1579 2927 xv.

842 2951 908 2986 28.

1271 3013 1300 3045 B
