1786 3204
460 154 847 204 HlsTORIARIIJM'
877 154 1042 199 LIBER
1069 157 1314 198 TERTIUS.
1524 162 1601 199 231

58 163 247 213 J...c69

65 275 105 305 ‘⁴'
129 261 362 342 captivum
385 281 430 318 et
452 256 630 318 casibus
665 258 828 316 du'biis-
850 277 1152 324 reservatum,
1182 273 1474 340 praegravem
1496 262 1605 312 fuis-

65 351 98 375 “
123 352 213 407 ‘se,¹
248 349 424 420 nedum
444 347 628 416 Primus
647 363 717 394 ac
700 335 935 403 Fuscus,
950 355 997 392 et
1019 343 1257 408 specimen
1273 341 1475 406 partium
1488 342 1605 388 Mu-

66 428 98 452 “
131 425 304 485 cianus,
351 426 495 473 ullam
532 424 582 471 in
621 422 896 480 Vitellium‚²
941 421 1027 469 nisi
1070 419 1334 478 occidendi,
1374 418 1604 466 licentiam

67 506 98 529 “
129 503 342 551 habeant.
355 493 359 497 ’
408 504 523 551 Νοιι
563 519 591 550 a
624 502 811 550 Caesare
836 499 1130 570 Pompeium,
1162 514 1260 545 non
1284 498 1356 544 ab
1385 498 1607 561 Augusto

67 583 99 607 “
133 581 395 629 Antonium
429 580 685 627 incolumes
714 577 926 625 relictos:
963 575 1049 623 nisi
1070 574 1192 623 forte
1211 573 1520 646 Vespasianus
1542 574 1606 621 al-

68 661 100 683 “
135 658 273 706 tiores
295 657 477 722 spiritus
491 667 637 722 gerat,
651 654 821 703 Vitellii
842 654 1005 702 cliens³
1029 669 1144 701 cum
1161 642 1405 699 Vitellius4
1425 644 1611 717 collega.

65 738 98 760 ‘⁶
135 734 331 784 Claudio
353 733 488 781 foret.
559 732 704 796 Quin,
728 743 780 779 ut
802 748 1043 779 censuram
1065 730 1221 794 patris,
1251 741 1303 776 ut
1324 740 1416 776 tres
1439 745 1604 781 consu-

67 815 107 846 “-
130 812 267 886 latus,
301 822 352 858 ut
374 821 443 858 tot
464 802 669 875 egregiae'
687 808 858 856 domus
874 811 887 836 ⁵
927 808 1129 855 honores
1154 808 1358 865 deceret,
1393 807 1603 870 despera-

68 893 122 914 “
131 883 254 936 tione
277 888 471 936 saltem
458 904 507 935 ιιι
526 887 764 935 audaciam
786 886 1130 951 accingeretur.
1167 895 1369 949 perstare
1392 883 1602 942 militem,

69 971 102 992 “
131 983 371 1030 superesse
392 965 541 1013 studia
562 964 735 1028 populi.
804 963 1022 1029 Denique
1041 963 1155 1010 nihil
1178 962 1376 1010 atrocius
1415 971 1602 1008 eventu-

69 1047 99 1069 “
132 1061 257 1103 rum,
293 1060 436 1107 quam
474 1043 522 1089 in
560 1043 689 1107 quod
727 1053 890 1106 sponte
923 1048 1089 1088 ruant.
1125 1040 1419 1087 moriendum
1457 1037 1603 1096 victis,

69 1126 101 1147 ‘⁵
134 1121 427 1169 moriendum
449 1119 640 1173 deditis:
675 1119 722 1166 id
745 1119 898 1167 solum
918 1115 1110 1176 referre,
1144 1116 1442 1164 novissimum
1476 1115 1603 1179 spiri-

70 1204 101 1224 “
133 1210 236 1245 tum
257 1214 341 1262 per
363 1196 630 1255 ludibrium,
664 1208 709 1244 et
732 1195 1031 1244 contumelias
1052 1195 1307 1252 effundant,
1328 1210 1389 1247 an
1409 1209 1493 1257 per
1515 1192 1603 1242 vit·

68 1281 102 1304 “
136 1266 336 1325 tutem.'⁵

80 1446 87 1450 ·
133 1425 215 1483 6²7.
251 1433 448 1479 SURDAE
474 1431 532 1477 ad
554 1422 696 1478 fortia
719 1429 905 1479 consilia
927 1429 1112 1484 Vitellio
1139 1446 1288 1479 aures,
1359 1429 1603 1486 Obrueba-

66 1521 147 1566 tur
162 1508 340 1560 animus
358 1508 644 1556 miseratione
667 1507 890 1572 curaque,
922 1522 983 1561 ne
1005 1507 1310 1572 pertinacibus
1331 1506 1486 1565 armis,
1520 1505 1604 1553 mi-

67 1587 163 1634 nsis
184 1586 451 1649 placabilem
469 1586 689 1633 victorem
712 1586 990 1649 relinqueret
1012 1584 1198 1650 conjugi
1214 1602 1266 1632 ac
1290 1584 1455 1631 liberis.
1491 1584 1603 1636 Erat

68 1657 134 1712 illi
156 1675 202 1711 et
223 1662 340 1711 fessa
375 1674 505 1711 aetate
543 1659 745 1727 parens,⁶
777 1681 882 1727 quae
918 1672 1072 1711 tamen
1106 1663 1261 1726 paucis
1299 1662 1405 1710 ante
1442 1662 1604 1712 diebus

68 1739 331 1807 opportuna
354 1752 503 1789 morte
517 1745 533 1771 ⁷
569 1741 802 1796 excidium
824 1737 995 1796 domus
1016 1740 1257 1812 praevenit,
1290 1739 1402 1787 nihil
1438 1740 1604 1807 princi-

127 1954 409 2007 'Praegravem
441 1959 582 2009 fuisse.
640 1960 805 2010 ideoque
926 1958 939 1980 ⁵
970 1960 1148 2011 Egrcgz'ae
1201 1957 1341 1997 domas.
1408 1961 1602 1998 Incertum

72 2008 325 2062 interfectum
357 2020 399 2049 ut
419 2002 492 2049 x'idi
499 2026 582 2050 mus
601 2026 686 2063 cap.
706 2012 770 2052 62.

126 2040 325 2102 ²Ullam
346 2065 385 2103 iu
432 2066 635 2106 Vitellium.
703 2067 803 2105 Bene

71 2116 200 2155 adhue
245 2117 389 2160 Illustr.
425 2121 613 2158 Huetius:
661 2109 803 2168 Primo,

72 2169 205 2215 Fusco,
249 2177 286 2208 et
322 2171 502 2212 Muciano
540 2188 613 2211 non
653 2175 806 2212 clabitur

71 2224 247 2265 servandi
267 2224 414 2264 Vitellii
434 2233 614 2278 potestas,
641 2230 706 2266 serl
723 2239 806 2265 tan-

72 2277 150 2318 tum
171 2278 372 2319 occidendi.

127 2327 142 2348 ³
175 2329 211 2369 V
211 2331 320 2371 uella
334 2334 460 2372 elzens
506 2335 669 2382 Vitellii,
687 2335 807 2373 Clau-

73 2369 344 2435 d‘iol’rincipt,
361 2390 625 2448 praepotentis.
682 2389 744 2427 Sic
767 2397 806 2426 et

75 2437 245 2479 Naicissi
275 2441 397 2488 gratia
426 2451 589 2479 usus-est
606 2443 809 2493 Vespasia-

72 2503 157 2537 nus,
186 2498 229 2528 ut
255 2493 380 2531 *idere
396 2503 451 2532 est
469 2496 574 2546 apud
592 2498 748 2537 sueton.
766 2496 805 2533 in

72 2545 230 2594 Respas.
250 2557 309 2584 lv.

124 2596 145 2620 ⁴
165 2598 257 2636 szm
278 2600 464 2638 Vitellius.
522 2602 617 2641 Haec
637 2602 733 2641 forte
751 2616 807 2641 re-

72 2651 395 2698 dundaut,c12m
443 2655 618 2693 Vitellius
663 2657 806 2707 collega

73 2704 359 2757 Claudioforet.
406 2707 520 2746 Certe
538 2709 806 2748 Cornelianam

71 2759 294 2802 brevitatem
323 2761 493 2800 minime
536 2763 704 2813 sapiunt.
760 2764 807 2802 ‘ld

73 2824 230 2862 quoque
249 2813 380 2863 Lipsio
401 2822 441 2853 et
457 2815 615 2854 Ernesto
635 2818 810 2855 observa-

74 2872 170 2910 tum.
228 2867 289 2905 De
309 2867 455 2905 Vitellii
484 2869 644 2907 censura.
661 2877 699 2908 et
717 2884 807 2909 con-

71 2918 260 2962 sulatibus
279 2920 427 2960 dictum
448 2923 536 2961 satis
557 2924 697 2966 Annal.
717 2937 783 2966 xx.

871 2020 997 2052 tamen
1010 2015 1188 2051 veterisne
1206 2022 1244 2051 et
1260 2014 1410 2059 nobilis,
1427 2027 1476 2051 an
1496 2026 1603 2051 novae

873 2076 911 2106 et
940 2068 1115 2115 sordidae,
1143 2076 1236 2106 teste
1266 2069 1447 2106 Suetonio
1472 2069 1511 2105 iu
1533 2068 1604 2105 Vi-

874 2121 954 2159 tell.
975 2134 1004 2159 1.

926 2170 944 2192 ⁶
974 2175 1130 2214 Parem.
1159 2176 1332 2214 Sextilia.
1361 2175 1462 2212 Vide
1482 2176 1604 2212 Stem-

874 2243 936 2266 ma
956 2230 1206 2267 Vitelliorum
1230 2231 1269 2267 in
1294 2236 1373 2267 not.
1394 2238 1432 2267 et
1455 2228 1603 2267 emend.

873 2284 921 2321 ad
945 2283 1047 2321 Hist.
1067 2295 1095 2320 1.
1116 2287 1156 2327 9.
1617 2299 1619 2301 >

928 2333 944 2356 ⁷
975 2335 1198 2388 Opportuna
1230 2344 1360 2376 morte.
1429 2336 1489 2373 De
1525 2335 1605 2387 quii

877 2390 1081 2429 Suetonius
1100 2391 1140 2428 in
1159 2391 1294 2428 Vitell.
1316 2403 1408 2428 xxv.
1421 2389 1606 2428 Vitellius

874 2450 1065 2494 suspectus
1079 2450 1117 2482 et
1132 2445 1170 2481 in
1188 2450 1342 2482 mortem
1358 2444 1491 2481 matris
1501 2444 1604 2494 fuit,

878 2498 984 2548 quasi
1001 2511 1110 2550 oegroe
1124 2497 1283 2547 praeberi
1301 2498 1416 2536 cibum
1431 2497 1606 2548 prohihu-

878 2551 995 2596 issem
1032 2552 1264 2590 vaticinante
1293 2551 1408 2591 Cotta
1440 2551 1618 2598 muliere,

880 2605 941 2642 cui
959 2605 1061 2643 velut
1079 2605 1230 2645 oraculo
1258 2605 1522 2656 acquiescebat,
1551 2605 1607 2642 ita

880 2658 1195 2708 demumfirmiter
1214 2672 1259 2696 ac
1275 2658 1478 2696 diutissime
1499 2661 1609 2708 impe-

880 2718 1064 2754 raturum,
1093 2712 1127 2749 si
1142 2718 1328 2761 superstes
1346 2712 1498 2762 parenti
1516 2712 1609 2749 erti-

880 2766 1000 2805 tisset.
1055 2766 1110 2803 Et
1153 2766 1220 2802 acii
1263 2767 1446 2805 tradunt:
1492 2766 1609 2825 ipsam
1667 2772 1698 2787 “·

880 2819 990 2857 toedio
1015 2818 1255 2868 proesentium
1283 2825 1320 2857 et
1347 2819 1612 2858 imminentium

879 2878 991 2919 metu,
1019 2885 1193 2910 venenum
1221 2874 1259 2910 12
1258 2873 1351 2922 silio
1383 2872 1622 2929 ιτηρείνᾶεεθ,

878 2926 977 2964 haud
992 2925 1080 2964 εαπὲ
1094 2926 1305 2975 difficulter.
