2210 3978
232 143 334 195 710
751 136 962 186 ΝΟΤῘΕ
999 138 1083 189 ΕΤ
1119 136 1676 188 EMENDATIONES

241 283 343 317 naz
347 282 423 316 em
462 262 728 332 (corrupte
770 282 866 333 pro
908 271 1148 333 noctem.)
1221 263 1374 317 Unde
1420 264 1554 317 forte
1596 262 1844 333 scriptum
1881 260 2025 328 olim,
2056 262 2174 319 alid
2207 332 2210 336 Α

242 357 370 411 navi
394 364 588 409 noctem
612 375 729 428 effer
731 364 805 409 at

317 449 567 503 Sacratae.
596 447 747 502 Male
777 450 905 502 MS.
936 449 1066 519 Reg.
1096 449 1371 504 Sacrarice.
1412 449 1591 502 Editio
1615 448 1875 519 princeps,
1903 447 2173 505 Sacratiae.

244 543 306 596 In
333 542 487 596 veteri
528 542 872 612 Inscriptione
915 544 1052 612 apud
1079 542 1381 609 Gruterum,
1419 563 1472 613 p.
1506 544 1622 598 168.
1660 561 1710 594 n.
1743 549 1825 596 10.
1862 544 2210 599 ωειιιοηιῐιιι*Χ

238 653 463 689 ΑΤΤΙΑ
509 652 840 688 sAcRATA.

321 728 482 781 Suum
508 729 666 780 ducis.
746 729 872 781 MS.
898 728 934 782 J
940 748 1009 780 es.
1033 729 1114 781 sui
1136 728 1294 782 ducis.

320 821 678 901 Excusabant.
756 821 929 875 MSS.
970 821 1140 874 Vatic.
1191 829 1343 882 1958.
1390 818 1546 876 Harl.
1584 821 1709 876 Jes.·
1743 828 1795 874 et
1846 818 2178 891 Puteolanus,

248 915 579 969 accusabant.
659 917 762 968 Sed
787 915 839 966 in
866 914 1035 967 MSS.
1064 935 1219 984 supra
1243 935 1303 968 ac
1331 915 1583 985 scriptum
1606 933 1683 967 ex.
2032 960 2033 963 ,
2096 938 2099 939 ’

323 1008 639 1062 Praetoriam
679 1009 952 1069 triremem.
1029 1007 1200 1061 MSS.
1246 1009 1380 1077 Reg.
1420 1007 1549 1076 Agr.
1611 1017 1661 1060 et
1711 1005 1893 1060 editio⁴
1923 1004 2180 1076 princepe,

239 1101 543 1173 pratoriam
571 1101 826 1153 biremem.
1554 1146 1555 1149 ,

325 1194 564 1247 Flumine
610 1192 837 1264 Luppia.
916 1193 1060 1245 Bene
1107 1193 1386 1245 Rhenanus
1439 1203 1491 1245 et
1543 1192 1870 1246 recentiores
1903 1189 2008 1244 In
2048 1189 2179 1243 MS.

251 1287 384 1356 Reg.
414 1287 586 1358 Lupa.
663 1285 725 1339 In
752 1286 881 1339 MS.
908 1284 1060 1338 Harl.
1102 1295 1152 1337 et
1194 1266 1415 1338 editione
1449 1285 1701 1356 principe,
1740 1283 1936 1355 Lupia.
2012 1282 2183 1336 MSS.

254 1380 411 1433 Bodl.
437 1380 548 1434 JeS.
577 1379 716 1431 Bud.
746 1377 939 1450 Impia.
979 1377 1131 1430 Unde
1162 1378 1466 1445 Beroaldus,
1505 1378 1681 1450 impio.

326 1565 476 1618 CAP.
504 1572 593 1618 23.
638 1564 841 1636 Cupido
866 1565 1086 1617 incessit.
1163 1564 1310 1618 Male
1351 1563 1479 1616 MS.
1507 1564 1638 1632 Reg.
1666 1571 1717 1615 et
1741 1561 1899 1614 editio
1924 1559 2181 1630 princep8,

252 1656 435 1728 cupido
461 1659 683 1712 invasit:
723 1657 884 1710 cessit.
962 1657 1092 1711 MS.
1121 1657 1261 1710 Flor.
1305 1657 1488 1728 cupido
1532 1656 1723 1710 invasit
1760 1655 1978 1708 incessit.
2053 1651 2184 1707 Inde

235 1746 437 1803 ‘frustra
462 1761 620 1803 tentat
648 1750 893 1817 Pichena,
919 1751 1101 1822 cupido
1128 1750 1298 1803 inanis
1324 1750 1539 1803 incessit.
1607 1748 1808 1802 Invasit
1833 1745 2066 1817 spurium
2089 1753 2184 1811 est,

252 1854 304 1896 et
330 1843 557 1896 additum
584 1843 615 1895 a
639 1844 872 1909 librariis,
911 1843 1000 1914 qui
1025 1846 1255 1907 verbum,
1282 1842 1500 1908 incessit,
1527 1842 1862 1912 explicavere.
1924 1851 1939 1858 ‘

329 1936 555 1989 Tricenis
590 1937 1032 2009 quadragenisque
1075 1946 1398 1989 armamenta
1438 1935 1702 1988 liburnicis
1725 1933 1911 1986 solita:
1948 1939 1995 1984 et
2034 1928 2191 1991 siml

254 2038 416 2100 captae
441 2029 635 2094 lintreS,
677 2029 871 2101 sagulis
896 2026 1282 2082 versicoloribus
1327 2027 1470 2080 haud
1508 2025 1739 2102 indecore
1767 2043 1868 2096 pro
1894 2022 2018 2093 velis
2022 2023 2190 2095 juva-

255 2123 464 2174 bantur.
538 2119 623 2174 Ita
651 2121 860 2191 Lipsius
886 2121 1071 2191 aliique
1096 2120 1323 2191 plurimi.
1349 2114 1483 2172 “Nec
1509 2103 1658 2186 male,
1697 2119 1750 2171 in
1773 2118 1914 2172 tanta
1937 2116 2187 2169 librorum

254 2201 566 2284 corruptela.
645 2214 816 2267 MSS.
845 2215 1013 2271 Vatic.
1049 2215 1202 2269 1863.
1229 2215 1362 2284 Reg.
1407 2224 1458 2266 et
1493 2213 1648 2266 editio
1675 2211 1932 2282 princepS,
1970 2208 2189 2269 tricenos

254 2308 708 2380 quadragenosque
715 2306 840 2379 fere
880 2315 1204 2360 armamenta
1245 2306 1511 2359 liburnicis
1552 2305 1709 2359 solitae
1753 2314 1802 2358 et
1837 2301 1995 2370 simul
2029 2309 2192 2372 capta:

254 2400 454 2465 lintres,
491 2399 685 2471 sagulis
709 2400 1115 2463 versicoloribus,
1154 2399 1296 2452 baud
1320 2398 1553 2451 indecore
1576 2417 1672 2469 pro
1715 2397 1828 2451 telis
1835 2386 2198 2469 'juvabantur'

256 2492 321 2546 In
348 2493 478 2545 MS.
505 2492 645 2545 Flor.
690 2512 802 2562 pr0,
828 2491 970 2564 fere,
1013 2492 1279 2562 scriptum,
1321 2511 1369 2544 se
1405 2501 1469 2545 et.
1544 2490 1609 2544 In
1635 2490 1808 2544 MSS.
1832 2488 2003 2551 VatiC.
2035 2493 2192 2548 1958.

255 2584 410 2639 Harl.
437 2584 509 2638 ad
532 2586 746 2638 tricenos
781 2585 1233 2658 quadragenosque
1273 2604 1359 2638 ceu
1403 2592 1728 2637 armamenta
1768 2580 2053 2636 liburnicas
2093 2576 2194 2633 soli

257 2678 400 2731 haud
422 2676 654 2730 indecore
669 2696 769 2747 pro
793 2678 919 2732 velis
928 2678 1281 2750 juvabantur.
1357 2678 1669 2748 Itaquoque
1694 2676 1867 2732 Mss.
1894 2673 2053 2735 Bodl.
2076 2672 2113 2730 J
2118 2691 2192 2725 es.

257 2781 309 2823 et
345 2769 694 2836 'Puteolanus3
750 2770 840 2823 sed
883 2790 979 2840 pro
1002 2772 1338 2842 juvabantur
1373 2771 1564 2823 habent
1588 2768 1878 2841 juvabant.
1951 2766 2016 2820 In
2058 2764 2192 2820 MS.

259 2862 412 2918 Harl.
437 2864 659 2916 secunda
677 2883 832 2915 manu
852 2883 948 2933 pro
972 2864 1067 2916 soli
1079 2866 1414 2934 *emendatum
1439 2862 1627 2927 solita,-
1666 2860 1786 2915 etin
1807 2859 2032 2930 margine
2050 2857 2192 2913 addi.-

257 2967 385 3020 tum,
424 2966 471 3010 et
494 2955 648 3008 simul
670 2966 830 3026 captce
856 2955 1034 3009 lintres
1058 2957 1251 3030 sagulis
1274 2955 1677 3010 versicoloribus.
1754 2954 1885 3016 MS.
1925 2941 2054 3021 Agfr.
2094 2949 2192 3005 tri-

257 3067 399 3101 cenos
425 3048 874 3119 quadragenosque
880 3047 1033 3120 ferre
1058 3059 1283 3101 armatos
1309 3049 1572 3102 liburnicae
1595 3046 1776 3102 solitce.
1847 3044 1941 3110 At,
1982 3053 2051 3110 ut,
2070 3043 2188 3116 jam

258 3159 396 3209 saepe
420 3141 616 3204 monui,
655 3142 818 3192 codex
845 3140 930 3193 ille
955 3142 1047 3194 viri
1073 3141 1255 3202 eruditi
1280 3141 1629 3213 conjectiones
1654 3139 1845 3211 potiuS,
1871 3137 2030 3209 qua-m
2053 3125 2191 3198 vete-

257 3251 365 3284 rem
390 3232 695 3301 scripturam
721 3218 891 3286 refert.
966 3233 1047 3286 Ita
1074 3246 1242 3286 tamen
1286 3234 1490 3286 edidere
1535 3232 1764 3303 Ryckius
1804 3240 1858 3285 et
1899 3229 1985 3284 Cl.
2016 3227 2194 3295 Lalle—

257 3325 428 3375 mand.
506 3323 737 3376 Pessime
763 3326 1067 3378 emendabat
1093 3326 1351 3383 Eaernus:
1391 3326 1592 3398 adjecta
1619 3325 1796 3399 ingens
1832 3322 2070 3378 lintrium
2093 3320 2188 3392 vis,

255 3415 538 3468 vehentium
565 3417 637 3469 ad
657 3418 890 3483 tricenOS,
927 3419 1380 3492 quadragenosque
1421 3438 1511 3472 ceu
1551 3427 1870 3472 armamenta
1904 3411 2190 3478 liburnicis,

253 3508 350 3561 soli
375 3508 519 3562 haud
539 3509 772 3563 indecore
794 3529 898 3583 pro
940 3510 1063 3565 velis
1085 3513 1376 3585 juvabant.
1453 3512 1724 3566 Hactenus
1761 3508 1889 3564 nihil
1918 3502 2186 3578 ,Lisssifflfi
