1786 3204
28 184 66 225 J.
81 184 130 224 C.
148 180 216 229 69.
323 179 554 220 lns'roffl
558 177 720 218 ARUM
743 173 916 216 'LIBER
942 176 1251 226 SECUNDUS.
1502 185 1577 222 1⁴3

26 284 198 351 tuique
254 282 591 333 commilitones
640 279 897 346 aggregati,
939 298 970 328 a
1009 279 1224 329 conviciis
1275 281 1345 330 ad
1399 283 1581 335 caedem

30 356 276 413 transiere:
322 370 368 409 et
411 360 627 424 praelium
670 370 806 406 atrox
850 356 1048 418 arsisset,
1105 359 1153 406 ni
1196 358 1304 407 duae
1349 364 1580 424 praetoriae

34 441 271 498 cohortes,
294 454 480 486 causam
502 434 1015 500 quartadecimanorum
1037 446 1226 493 secutae,
1253 437 1332 485 his
1345 439 1584 500 fiduciam,

30 529 79 568 et
116 529 296 565 metum
329 514 513 564 Batavis
549 511 788 576 fecissent:
843 515 877 538 “
900 513 1060 575 quos''
1097 513 1308 562 Vitellius
1342 518 1377 542 “
1406 518 1582 582 agmini

31 599 68 628 cc
101 612 188 644 suo
234 591 419 659 jungi‚'’
468 601 521 638 ut
581 590 733 648 fxdos3>
778 593 813 616 ‘⁶
836 587 1087 653 legionem,
1146 590 1300 639 Graiis
1355 594 1583 657 Alpibus*

29 677 68 703 ‘⁶
101 672 378 728 traductam,
401 686 458 717 eo
476 667 604 716 flexu
625 658 796 714 itineris
817 665 885 713 ire
895 666 918 683 ''
947 667 1097 731 jubet,
1132 671 1168 723 ‘f
1208 686 1304 732 quo
1327 670 1584 722 Viennam-⁸

33 754 70 781 ‘⁶
100 747 359 798 vitarentz’'
394 762 597 810 namque
641 755 688 792 et
726 735 1011 793 Viennenses
1048 743 1341 794 timebantur.
1407 751 1582 812 Nocte,

33 826 129 894 qua
167 825 545 891 proficiscebatur
596 821 736 887 legio,
791 820 962 869 relictis
1009 821 1176 885 passim
1213 823 1416 890 ignibus,
1475 846 1583 893 pm

34 904 253 954 Taurinae
285 902 505 952 coloniae³
539 902 771 948 ambusta:
821 900 951 964 quod
983 900 1226 959 damnum,
1277 913 1329 951 ut
1360 904 1585 971 pleraque

28 983 145 1032 belli
166 982 303 1041 mala,
326 979 576 1046 majoribus
607 979 802 1028 aliarum
823 978 1011 1026 urbium
1039 979 1248 1031 cladibus
1271 981 1581 1033 obliteratum

38 1057 460 1125 Quartadecimani‚
498 1056 748 1122 postquam
785 1055 986 1120 Alpibus
1026 1057 1229 1121 degressi
1252 1070 1376 1118 sunt,
1402 1061 1586 1110 seditio..

34 1138 241 1187 sissimus
297 1136 494 1201 quisque
554 1134 684 1200 signa
745 1133 974 1182 Viennam
1034 1131 1264 1182 ferebant:
1354 1154 1585 1188 consensu

35 1216 285 1266 meliorum
302 1211 576 1277 compressi3
612 1223 658 1260 et
680 1210 802 1277 legio
824 1210 874 1258 in
895 1210 1179 1260 Britamliam
1196 1223 1466 1264 transvecta.

108 1376 187 1422 67.
220 1371 507 1419 PRoxmus
549 1366 750 1430 Vitellio
781 1364 809 1415 ὲ
854 1358 1079 1431 praetoriis
1123 1367 1390 1417 cohortibus
1434 1382 1588 1421 metus

40 1453 160 1497 erat:
198 1446 390 1511 separati
428 1446 655 1510 primum,
695 1444 879 1503 deinde,
917 1445 1073 1493 addito
1096 1445 1303 1494 honestae
1334 1447 1588 1498 missionis*
1617 1482 1623 1487 -

41 1527 310 1584 lenimento,
333 1541 461 1575 arma
476 1525 534 1572 ad
556 1524 765 1571 tribunos
787 1539 895 1571 suos
911 1521 1201 1571 deferebant:
1237 1524 1395 1573 donec·
1404 1530 1590 1578 motum

44 1603 74 1653 i
95 1603 373 1668 Vespasiano
400 1602 580 1650 bellum
615 1603 951 1650 crebresceret:
987 1592 1108 1659 tum,
1139 1601 1346 1650 resumta
1385 1604 1589 1664 militia}
1614 1624 1616 1626 ’

42 1683 190 1731 robur
206 1680 529 1728 Flavianarum
551 1679 751 1743 partium
773 1677 920 1727 fuere.
977 1678 1131 1726 Prima
1148 1679 1443 1728 classicorum
1464 1682 1601 1747 legio·

42 1758 91 1806 in
113 1757 382 1822 Hispaniam
421 1756 573 1815 missa,
613 1767 664 1804 ut
696 1773 810 1820 pace
842 1767 889 1804 et
907 1756 1005 1804 otio
1028 1756 1308 1804 mitesceret:
1345 1757 1591 1809 undecima

41 1853 95 1884 ac
128 1835 338 1899 septima,
377 1834 469 1883 suis
502 1830 731 1882 hibernis⁶
764 1834 985 1883 redditae:
1017 1834 1373 1883 tertiadecimani
1412 1848 1590 1886 struere

43 1913 378 1977 amphitheatra
409 1911 545 1976 jussi:
581 1928 689 1959 nam
720 1912 913 1960 Caecina
935 1913 1203 1970 Cremonae,
1227 1913 1397 1960 Valens
1431 1915 1591 1963 Bono,

47 1990 156 2049 niae,
182 1990 496 2054 spectaculum
536 1989 844 2054 gladiatorum
879 1989 1016 2037 edere
1049 1990 1291 2053 parabant:
1334 2005 1591 2055 numquam

43 2066 107 2115 ita
126 2067 185 2114 ad
202 2084 335 2115 curas
357 2067 531 2115 intento
555 2067 759 2127 Vitellio,
782 2078 834 2115 ut
848 2067 1140 2131 voluptatum
1163 2057 1522 2133 oblivisceretur.
1542 2084 1544 2087 ·

116 2226 196 2270 68.
227 2222 310 2270 ΕΤ
334 2221 523 2286 quidem
539 2233 690 2286 partes
705 2222 915 2271 modeste
931 2222 1224 2271 distraxerat:
1257 2222 1381 2286 apud
1397 2222 1594 2273 victores

42 2305 151 2348 sorta
183 2298 361 2358 seditio,
401 2299 580 2348 ludicro
602 2299 749 2360 initio,
771 2300 858 2349 nisi
880 2316 1103 2348 numerus
1125 2316 1354 2348 caesorum
1371 2300 1593 2353 invidiam

576 2450 580 2466 l

107 2474 120 2494 ¹
144 2476 278 2515 Graiis
299 2476 470 2527 Alpibus.
501 2478 652 2515 Partem
679 2478 787 2517 illam
861 2479 1026 2517 honestae
1054 2478 1239 2516 missionis
1270 2477 1355 2515 vide
1382 2477 1421 2515 in
1450 2484 1530 2516 not.
1554 2483 1595 2517 ct

54 2530 218 2581 Alpium
248 2542 351 2568 nune
383 2531 547 2569 dicimus
577 2531 700 2570 Lictle
727 2531 788 2571 St.
861 2533 1008 2571 emend.
1024 2533 1072 2569 ad
1095 2532 1347 2569 Annal.:<1v.
1367 2535 1432 2574 27.

54 2583 242 2622 Ber-nard.
916 2585 929 2607 ⁵
959 2584 1140 2624 Resumtd
1173 2583 1324 2622 militia.
1366 2585 1594 2623 -Praetoriani

108 2635 126 2653 ²
162 2637 354 2676 Viennam.
411 2639 530 2677 Nunc
559 2637 715 2686 Vienne,
749 2639 790 2676 in
853 2641 1115 2686 exauctorati,
1169 2639 1406 2689 Vitellioque
1449 2640 1598 2686 infensi,

53 2689 284 2742 ΒαιῳΙιὶηέ;
337 2692 384 2729 de
428 2693 508 2743 qua
546 2693 631 2742 jam
674 2705 792 2744 supra.
861 2695 1038 2733 militiam
1052 2707 1122 2744 pro
1133 2692 1365 2743 Vespasiano
1377 2706 1597 2741 resumsere,

55 2745 199 2782 Annal.
220 2757 283 2783 xi.
307 2750 342 2783 1.
864 2756 909 2786 ut
925 2748 1027 2786 recte
1045 2746 1217 2797 explicat
1235 2747 1416 2785 Pichena.

42 2823 44 2827 ψ
112 2794 128 2817 ³
147 2798 323 2837 Taurinoe
342 2799 505 2838 coloniae.
530 2799 689 2846 Eadem,
704 2811 791 2850 quae
918 2797 935 2819 ⁶
961 2801 1050 2839 Suis
1067 2800 1241 2843 hibernis.
1276 2800 1385 2846 ›Quae
1417 2806 1526 2838 erant
1558 2800 1598 2837 in

54 2863 173 2902 supra
189 2852 294 2890 dicta
320 2858 378 2891 est·
402 2855 580 2903 Augusta
596 2828 795 2892 ‘Taurino-
867 2854 1067 2893 Dalmatia
1084 2863 1122 2892 et
1142 2854 1354 2893 Pannonia.
1379 2854 1416 2892 V
1418 2854 1481 2892 ide
1496 2854 1600 2892 Hist.

54 2904 315 2954 rum,'1⁷urin.
680 2941 686 2947 .
866 2921 916 2948 11.
940 2913 1001 2950 11.
1020 2916 1059 2947 et
1077 2919 1145 2946 111.
1166 2911 1231 2946 50.

110 2956 132 2979 ⁴
148 2959 195 2997 H
195 2965 329 3000 vnestae
344 2959 542 2999 missionis..
571 2961 808 3001 For-mulam.
