1760 3210
338 140 418 180 An
447 134 550 179 nn.
577 138 612 178 1.
637 134 777 178 msr.
803 138 853 178 c,
879 116 1049 178 comi.
1074 130 1279 182 moiri.
1505 141 1596 186 ιω

97 242 234 289 Bellis
258 242 504 300 inexpertus.
563 240 630 284 Ita
659 240 799 284 MSS.
829 240 1027 284 editiones
1061 250 1214 285 veteres
1248 248 1290 284 et
1321 242 1584 287 recentiores.

34 313 275 370 Rhenanus,
307 316 407 359 belli
425 317 672 374 inexpertus.

97 391 323 435 Germanis
342 390 598 434 exercitibus.
659 389 774 433 Bene
809 389 948 432 MSS.
982 389 1089 445 Reg.
1122 389 1253 432 Corb.
1287 390 1511 434 Rhenanus
1539 398 1583 433 et

0 515 3 521 ,
34 462 298 510 recentiores.
326 465 381 510 In
398 462 538 508 MSS.
557 461 681 508 Harl.
699 463 730 507 J
732 479 789 506 es.
808 471 857 505 et·
868 462 1072 507 veteribus
1090 463 1354 516 editionibus,
1376 463 1582 508 Romanis

32 541 288 585 exercitibus.
348 538 399 581 In
433 538 615 594 margine
649 537 753 580 MS.
775 537 897 580 Harl.
929 539 1203 591 emendatum,
1233 538 1467 582 Germanis.
1527 536 1581 580 In

37 615 144 659 MS.
162 616 268 671 Agr.
291 613 568 657 Germanicis.

96 687 303 732 Germa'm‘
323 687 531 732 exercitus.
546 700 559 732 ,·
592 685 665 731 Sic.
698 685 836 731 MSS.
871 685 992 728 Harl.
1028 685 1153 729 Bodl.
1185 685 1215 730 J
1218 701 1275 728 es.
1309 694 1351 729 et
1380 687 1583 737 editiones·

34 771 204 807 veteres.
262 761 314 804 In
333 761 641 815 recentioribus,
674 760 917 804 Germanici
937 761 1146 804 exercitus.
1189 760 1301 803 Cum
1312 763 1410 819 jam
1422 762 1580 806 editum

35 837 88 881 sit
106 852 244 894 supra,
266 835 489 880 Germanis
504 836 759 910 e.1.*er‹:itib1†⁸·³
775 835 957 878 hic·ferri
977 843 1130 891 potest,
1147 834 1352 878 Germani
1366 824 1581 880 exercitus.

38 911 85 955 Si
113 910 205 968 quis
238 919 375 954 tamen
406 919 626 967 utrumque
654 910 796 954 locum
839 903 1044 952 inutatum
1076 908 1211 963 vellet,
1241 917 1288 952 ut
1329 913 1578 966 emendaret,

39 983 302 1029 Germanicis
331 985 573 1028 exercitibus
605 993 648 1027 et
669 983 913 1040 Germanici
931 984 1150 1036 exercitu33
1179 985 1346 1028 minime
1376 1000 1579 1043 repugna-

32 1075 147 1103 rem:
178 1069 301 1117 atque
318 1060 360 1102 id
378 1061 485 1102 foret
504 1076 556 1102 ex
576 1059 786 1102 communi
805 1074 893 1102 usu.
957 1069 959 1071 ’

94 1134 246 1178 Etiam
263 1135 336 1192 qui
355 1135 484 1193 queri.
544 1133 740 1177 Malebat
759 1126 968 1187 Muretus,
1000 1133 1162 1176 etiamsi
1179 1134 1309 1191 queri.

95 1266 217 1325 cn.
245 1288 288 1331 9.
320 1280 536 1339 Regimen.
596 1279 714 1323 Bene
746 1279 886 1324 MSS.
923 1279 1195 1337 Regem.
1227 1289 1270 1324 et
1301 1279 1411 1326 iiim<
1429 1297 1576 1336 „mnes

35 1354 148 1398 editi.
205 1353 257 1397 In
277 1354 415 1398 MSS.
437 1353 558 1397 Harl.
580 1353 704 1396 Bodl.
724 1354 752 1398 J
756 1370 813 1397 eS.
836 1353 980 1397 Guelf.
1000 1355 1172 1412 regenti.
1424 1343 1446 1351 Ἀ

101 1427 223 1472 Ultro
249 1428 588 1472 accendebantur.
646 1427 713 1471 Ita
747 1428 885 1472 MSS.
915 1436 958 1471 et
975 1429 1131 1479 veteres
1151 1428 1350 1474 editiones
1366 1418 1416 1475 ac
1434 1442 1579 1474 recen-⁸

33 1502 173 1547 tiores.
233 1496 487 1557 Beroaldusj„
506 1503 618 1546 ultro
638 1503 764 1545 etiam
784 1502 1125 1546 accendebantur.
1172 1516 1174 1519 ·
1211 1513 1214 1516 ’
1282 1499 1289 1516 ³

69 1571 416 1622 'Mis'suGalbm
475 1576 579 1620 MS.
602 1576 861 1634 Corb.jussu
883 1576 1047 1621 Galba.

94 1651 155 1694 A.
182 1650 373 1694 Vitellius
390 1651 551 1694 aderat.
610 1650 675 1694 Ita
710 1651 846 1694 MSS.
881 1648 1009 1695 editio
1037 1649 1232 1709 princeps
1255 1638 1299 1695 et
1315 1653 1575 1697 recentiores.

36 1725 290 1768 Puteolanus
325 1741 563 1782 praenomen
581 1726 789 1768 omiserat.
849 1726 972 1782 Cum*
992 1727 1128 1779 autem
1161 1729 1361 1785 frequens
1380 1727 1434 1771 sit
1462 1729 1577 1784 apud

34 1799 245 1851 Tacitum,
263 1800 441 1842 maxime
459 1799 501 1842 in
518 1798 795 1843 Historiarum
808 1799 937 1852 libris,
953 1800 1217 1843 'Vitelliorum
1237 1802 1408 1853 mentio,
1429 1817 1576 1844 eorum

36 1881 211 1917 stemma
227 1874 297 1916 hic
317 1874 583 1930 proposuisse
602 1873 679 1916 erit
699 1876 978 1918 commodum.
1026 1875 1138 1917 Ante
1161 1874 1478 1931 praemonuerim
1494 1876 1576 1921 hoc

36 1956 211 1991 stemma
228 1948 410 1991 desinere
429 1948 470 1990 in
488 1947 642 1994 Vitellii
663 1947 928 2005 Imffaeratoris
947 1948 1088 2001 filiam,
1117 1949 1185 1991 cui
1210 1964 1333 2005 gener
1350 1950 1576 1993 destinatus

35 2022 167 2064 fuerat
202 2022 388 2065 Valerius
421 2022 640 2076 Asiaticus,
669 2031 716 2066 ut
748 2023 923 2066 vidimus
953 2039 1076 2081 supra
1096 2022 1211 2067 Hist.
1235 2037 1268 2066 1.
1287 2029 1357 2072 59.
1419 2023 1578 2067 Postea

34 2095 311 2152 Vespasianus
363 2097 608 2154 Imperator,
670 2098 917 2141 offensarum
974 2097 1360 2155 inimicitiarumque
1405 2095 1578 2140 minime

36 2184 210 2223 memor,
240 2185 330 2213 eam
350 2171 671 2227 splendidissime
690 2171 893 2215 maritavit
911 2172 1146 2229 dotavitque
1166 2172 1292 2214 etiam
1313 2180 1354 2215 et
1373 2171 1576 2215 instruxit.

35 2242 144 2286 Vide
166 2243 337 2290 Sueton.
355 2246 398 2290 in
412 2246 653 2305 Vespasian.
675 2260 778 2293 xiv.
808 2246 915 2291 Vide
935 2262 1100 2305 quoque
1118 2246 1339 2293 Aurelium
1357 2246 1575 2292 Victorem
1652 2257 1653 2261 ’

36 2316 81 2361 in
99 2317 314 2376 Epitome.
