2210 3978
231 140 332 193 666
698 143 903 191 NOTAE
941 141 1026 189 ET
1064 141 1622 191 EMENDATIONES

230 269 391 323 colles
436 269 697 323 vinearum
740 271 915 335 modo,
959 289 1073 341 quae
1113 271 1221 324 sine
1264 270 1584 324 adminiculis
1630 288 1683 322 se
1725 269 1850 337 ipsae
1893 266 2157 322 sustinent.

227 362 499 416 Tondetur
525 362 754 415 similiter
784 363 1050 428 fruticans,
1076 382 1136 416 ac
1161 363 1331 416 rastris
1364 363 1588 428 nitescit,
1628 372 1973 432 properatque
1997 360 2155 426 nasci,

229 454 361 508 intra
386 456 592 508 tertium
612 474 799 507 annum
828 455 1108 508 fructifera.
1186 455 1392 508 Folium
1419 455 1714 525 proximum
1740 463 1883 519 rutae,
1907 463 2156 523 perpetua

228 568 396 600 coma.
489 548 707 600 Saeviere
756 546 807 598 in
851 566 964 599 eam
1013 547 1206 613 Judaei,
1255 547 1387 599 sicut
1430 547 1483 602 in
1532 545 1687 599 vitam
1738 562 1944 616 quoque
1991 564 2154 598 suam.

229 640 425 693 Contra
449 639 721 692 defendere
749 638 994 702 Romani,
1021 650 1071 692 et
1105 639 1399 692 dimicatum
1423 658 1519 708 pro
1546 638 1728 691 frutice
1752 649 1846 690 est.
1921 636 2156 707 Seritque

227 752 361 785 nunc
407 752 526 784 eum
565 733 753 785 fiscus:
804 751 898 784 nec
946 751 1191 802 umquam
1242 732 1338 784 fuit
1382 731 1701 784 numerosior
1749 740 1836 782 aut
1874 729 2154 799 procerior.

229 825 523 878 Proceritas
565 825 695 878 intra
732 825 850 877 bina
894 824 1067 877 cubita
1108 825 1399 878 subsistit··
1423 824 1734 876 ··Iuciditur
1771 822 1923 886 vitro,
1964 821 2153 892 lapide,

224 918 443 971 osseisve
490 917 727 971 cultellis.
805 918 964 970 Ferro
1014 917 1128 970 laedi
1173 917 1342 970 vitalia
1386 917 1511 970 odit.
1587 915 1853 969 Emoritur
1902 915 2154 984 protinus,

222 1012 403 1065 cadem
448 1009 702 1080 amputari
743 1029 1058 1079 supervacua
1107 1010 1322 1079 patiens,
1396 1009 1672 1063 Incidentis
1716 1027 1895 1060 manus
1935 1007 2155 1061 libratur

223 1103 407 1158 artifici
430 1113 870 1173 temperamento,
915 1123 978 1155 ne
1021 1103 1142 1174 quid
1181 1103 1315 1157 ultra
1351 1104 1596 1156 corticem
1631 1102 1806 1154 violet.
1884 1101 2082 1154 Succus
2121 1100 2150 1155 ὲ

222 1196 380 1268 plaga
419 1207 610 1262 manat,
649 1215 800 1267 quem
834 1197 1231 1265 opobalsamum
1269 1206 1470 1263 vocant,
1513 1194 1768 1248 suavitatis
1804 1192 2022 1260 eximiae,
2059 1193 2151 1247 sed

220 1290 361 1344 tenui
385 1300 532 1359 gutta
554 1288 779 1359 ploratu,
810 1288 937 1341 lanis
962 1309 1116 1358 parva
1143 1289 1398 1359 colligitur
1421 1288 1472 1342 in
1507 1308 1715 1341 cornua.
1794 1287 1878 1339 Ex
1901 1287 1980 1339 his
2013 1304 2150 1339 novo

220 1382 366 1436 fictili
390 1382 639 1448 conditur,
665 1381 902 1435 crassiori
926 1382 1103 1436 similis
1129 1382 1265 1449 ole0‚
1289 1394 1341 1436 et
1363 1382 1416 1435 in
1443 1391 1614 1434 musto
1639 1380 1870 1434 candida.
1945 1379 2149 1433 Rubes-

218 1477 288 1530 cit
307 1475 504 1541 deinde,
530 1474 785 1546 simulque
810 1476 1033 1529 durescit
1057 1476 1084 1529 ὲ
1110 1474 1438 1529 translucido.
1512 1473 1809 1527 Alexandro
1837 1472 2041 1542 Magno
2066 1491 2146 1525 res

217 1569 291 1623 ibi
330 1579 558 1639 gerente,
596 1580 708 1621 toto
746 1567 826 1622 die
860 1568 1035 1621 aestivo
1060 1588 1215 1621 unam
1253 1569 1504 1622 concham
1543 1566 1746 1636 impleri
1777 1567 1977 1637 justum
2019 1575 2145 1619 erat.

218 1662 381 1736 Omni
399 1662 520 1715 vero
542 1662 871 1715 foecunditate
891 1662 919 1714 ὲ
946 1661 1139 1732 majore
1162 1662 1313 1715 horto
1338 1661 1546 1730 congios
1566 1679 1732 1725 senOS,
1758 1659 1955 1712 minore
1973 1657 2144 1728 singu·-

214 1756 311 1823 los,
346 1775 465 1809 cum
491 1754 652 1824 duplo
677 1756 1051 1825 rependebatur
1088 1765 1369 1825 argentum.
1445 1753 1607 1806 Nunc
1639 1752 1792 1804 etiam
1831 1750 2142 1820 singularum

214 1852 457 1903 arborum
499 1847 687 1917 largior
723 1866 867 1913 vena,
909 1857 985 1900 ter
1032 1847 1270 1901 omnibus
1309 1846 1593 1917 percutitur
1631 1844 1910 1908 aestatibuS,
1942 1841 2142 1914 ‘postea

213 1945 502 2013 deputatur.
577 1941 651 1993 Et
687 1951 941 1993 sarmenta
982 1960 1190 2012 quoque
1219 1941 1271 1993 in
1310 1959 1481 1993 merce
1507 1950 1638 1992 sunt.
1682 1955 1798 1990 Dcc
1830 1936 1935 1990 ΙΙΙ.
1959 1956 2140 2007 ampu-

209 2037 334 2090 tatio
360 2036 471 2106 ipsa
495 2030 828 2105 surculusque
854 2033 1006 2086 veniit
1029 2034 1158 2087 intra
1183 2035 1413 2105 quintum
1442 2035 1652 2087 devictae
1687 2050 1893 2084 annum.
1966 2028 2140 2100 Xylo-

209 2129 498 2182 balsamum
536 2139 763 2194 vocatur,
801 2137 852 2180 et
883 2127 1121 2199 coquitur
1157 2126 1210 2180 in
1247 2127 1579 2198 unguentis··
1602 2145 1864 2179 „summa
1899 2123 2140 2194 probatio

210 2222 430 2276 balsami
470 2232 565 2287 est,
608 2233 664 2274 ut
689 2220 769 2273 lac
794 2220 1052 2290 coagulet,
1092 2220 1143 2273 in
1178 2232 1315 2273 veste
1352 2219 1580 2274 maculas
1623 2239 1728 2273 non
1769 2218 1941 2272 faciat.
2014 2216 2135 2271 Nec

207 2315 524 2369 manifestior
560 2314 684 2367 alibi
721 2315 889 2366 fraus:
944 2313 1141 2384 quippe
1183 2312 1412 2367 millibus
1457 2312 1737 2379 denarium,
1774 2309 1977 2365 sextarii
2009 2308 2134 2362 emti

206 2411 453 2462 vendente
476 2408 606 2461 fisco
624 2406 859 2462 trecentis
885 2406 1119 2471 denariiS‚
1143 2417 1391 2460 veneunt:
1418 2405 1472 2459 in
1496 2416 1694 2459 tantum
1719 2403 1927 2476 expedit
1950 2420 2135 2472 augere

202 2501 475 2574 liquorem.
550 2499 930 2569 Xylobalsamo
949 2499 1172 2571 pretium
1197 2499 1249 2553 in
1271 2499 1427 2553 libras
1456 2519 1515 2553 x.
1542 2499 1630 2552 v.'’

279 2596 460 2648 Pauca
494 2612 629 2646 nunc
665 2576 961 2656 addiderim,
999 2612 1114 2664 quae
1151 2592 1379 2647 Plinium
1416 2592 1693 2663 explicent.
1767 2590 1853 2644 Ex
1884 2588 1944 2642 iis
1978 2587 2132 2656 enim,

203 2708 318 2760 quae
352 2685 634 2753 retulimuS,
673 2697 816 2757 patet
855 2695 1003 2739 aetate
1027 2684 1306 2740 Alexandri
1341 2685 1527 2756 Magni
1567 2684 1804 2754 exiguam
1842 2682 2000 2735 fuisse
2023 2681 2134 2735 bal-

200 2781 329 2836 sami
353 2779 578 2851 copiam,
617 2778 870 2851 siquidem
895 2799 960 2832 ex
986 2780 1188 2833 duobus
1213 2778 1371 2832 hortis
1396 2798 1561 2832 annua
1586 2776 1801 2831 balsami
1825 2775 2131 2830 foecunditas
2192 2802 2198 2805 κ

199 2875 298 2929 fuit
330 2875 529 2941 tantum
561 2883 758 2944 septem
793 2871 1112 2942 congiorum.
1189 2872 1366 2938 Quod,
1406 2872 1525 2925 cum
1563 2869 1724 2940 duplo
1758 2869 2132 2939 rependeretur,

199 2968 407 3022 venibat
431 2965 628 3019 circiter
654 2964 819 3037 Angl.
844 2964 990 3018 4202.
1068 2965 1126 3018 Si
1164 2984 1225 3017 ex
1263 2964 1480 3018 balsami
1521 2962 1851 3032 vectigalibus
1888 2960 2132 3015 creverint

199 3061 233 3115 J
241 3062 501 3113 udaeorum
526 3077 669 3128 opeS‚
695 3068 752 3112 ut
787 3060 941 3112 docet
973 3057 1009 3112 J
1015 3056 1226 3123 ustinuS,
1265 3068 1385 3111 tunc
1412 3057 1530 3111 sane
1556 3056 1636 3109 vel
1673 3055 1710 3112 J
1716 3054 1848 3108 udaei
1880 3055 2127 3126 majorem

198 3152 415 3206 balsami
439 3151 645 3222 copiam
670 3151 959 3217 excoluere,
997 3151 1075 3204 vel
1114 3151 1297 3222 largior
1333 3150 1431 3204 fuit
1462 3153 1703 3204 arborum
1734 3168 1878 3202 vena.
1954 3146 2127 3214 Certe,

201 3244 451 3299 Romanis
475 3244 510 3299 J
518 3244 662 3297 udaea
687 3244 1022 3314 potientibuS,
1059 3255 1111 3297 et
1147 3245 1518 3298 numerosiores
1543 3254 1613 3314 et·
1632 3241 1944 3313 proceriores
1968 3239 2127 3294 fuisse

199 3340 401 3406 arbores
427 3347 638 3390 testatur
664 3336 879 3391 Plinius.
944 3337 1002 3391 N
1005 3357 1064 3390 ec
1091 3348 1261 3391 tamen
1286 3337 1612 3391 imminutum
1638 3334 1851 3389 balsami
1874 3333 2123 3405 pretium:

196 3450 336 3496 nam,
374 3441 501 3483 teste
537 3432 719 3483 eodem
748 3430 935 3498 Plinio,
970 3429 1215 3484 sextarius
1250 3429 1452 3485 venibat
1488 3429 1725 3484 trecentis
1767 3426 1996 3494 denariiS,
2033 3444 2124 3480 seu

200 3521 365 3597 Angl.
397 3523 500 3577 iol.
562 3523 703 3593 Ergo
742 3533 862 3578 tunc
900 3543 1107 3598 quoque
1143 3523 1305 3597 duplo
1341 3524 1727 3595 rependebatur.
1801 3519 2125 3575 Mercatores
