1768 3198
152 146 238 183 414
553 130 722 171 NOTAE
751 128 822 167 ET
849 127 930 166 EM
937 125 1294 168 ENDATIONES

310 240 472 288 Varron‚
487 234 702 287 Turpilian,
716 232 895 285 Capiton,
909 237 950 271 et
962 232 1115 277 Macer,

310 327 358 367 Je
372 304 434 368 vi}
442 323 535 374 qu’il
556 321 651 360 etoit
665 325 762 360 tems
780 319 830 360 de
849 319 1013 372 prendre
1026 332 1108 358 mes
1125 328 1307 365 mesures,

313 412 440 457 Qu'on
456 407 608 461 perdoit
620 406 670 446 de
687 406 822 446 Neron
839 410 966 445 tontes
979 404 1034 443 1oe
1046 403 1255 450 creatura,

312 498 363 538 Et
383 509 457 548 que
469 493 648 533 demeure
667 491 747 531 seul
766 490 816 530 de
830 496 938 530 toute
950 495 1051 529 cette
1065 501 1174 536 cour,

313 584 347 622 A
358 582 480 622 moins
490 581 581 622 d’un
591 583 828 638 protecteur,
838 574 998 629 j’aurois
1010 573 1178 615 bien-tet
1190 584 1282 612 mon
1294 570 1416 612 tour.²

566 876 810 930 SCENE
843 876 891 924 T
885 870 1276 924 ROISIEME'.

678 1028 912 1082 VINIUS,
943 1026 1189 1072 OTHON.

815 1225 929 1269 VIN
933 1225 1048 1269 IUS.

325 1398 543 1475 GALBA
556 1428 642 1469 vieil
662 1432 700 1467 et
717 1422 832 1474 casse,
848 1423 914 1478 qui
933 1438 973 1465 se
989 1424 1071 1464 voit
1088 1436 1173 1464 sans
1187 1423 1335 1472 enfans,

321 1520 433 1562 Croit
450 1521 568 1571 qu'on
585 1514 748 1567 meprise
766 1527 813 1552 en
832 1512 888 1552 lui
902 1513 940 1552 la
958 1511 1136 1552 foiblesse
1154 1511 1222 1551 des
1234 1524 1301 1551 ans
1313 1508 1350 1558 ;²

322 1609 376 1648 Et
394 1608 510 1660 qu’on
529 1587 576 1644 ne
594 1609 689 1656 peut
701 1602 819 1642 aimer
837 1601 859 1641 ὲ
875 1600 992 1641 servir
1005 1613 1094 1640 sous
1111 1613 1165 1639 un
1181 1597 1329 1647 maitre,

320 1696 401 1746 Qui
414 1697 544 1734 n'aura
555 1705 624 1746 pas
639 1691 743 1731 loisir
754 1691 804 1730 de
818 1690 855 1730 le
873 1690 964 1730 bien
976 1687 1227 1728 reconnoitre.

322 1783 359 1823 11
377 1781 456 1821 voit
467 1780 515 1819 de
534 1784 660 1819 toutes
673 1783 778 1832 parts
794 1777 850 1817 du
867 1777 1035 1817 tumulte
1051 1775 1174 1815 excite
1187 1770 1225 1815 :²
1581 1820 1588 1832 Ι
1647 1771 1708 1814 «ἵζ’-

244 1892 247 1899 ‹
323 1869 379 1909 Le
398 1867 524 1907 soldat
541 1879 589 1905 en
608 1865 712 1918 Syrie
731 1870 791 1904 est
810 1877 972 1917 presque
991 1862 1152 1902 revolte.

317 1953 498 1994 Vitellius
516 1964 659 1991 avance
677 1963 770 1990 avec
788 1963 830 1989 sa
847 1949 955 1989 force
971 1949 1073 1996 unic,

321 2040 403 2080 Des
421 2043 578 2090 troupes
595 2035 645 2076 de
662 2036 701 2076 la
715 2035 843 2075 Gaule
860 2039 901 2073 et
919 2033 968 2073 de
987 2034 1025 2073 la
1044 2030 1265 2073 Germanic.

326 2125 382 2165 Ce
402 2116 494 2176 quffl
507 2136 531 2162 a
545 2122 594 2161 de
608 2121 722 2171 vjeux
739 2133 851 2172 corps
867 2120 905 2159 le
918 2118 1060 2158 souffre
1075 2131 1173 2158 avec
1188 2117 1318 2165 ennui,

321 2211 432 2251 Tous
450 2211 504 2249 les
521 2208 732 2262 preteriens
746 2210 984 2247 murmurent
1001 2209 1135 2244 contre
1147 2203 1217 2252 lui,

322 2299 387 2340 De
405 2298 488 2337 leur
505 2295 766 2350 Nymphidius
783 2293 962 2346 l'indigne
980 2291 1150 2333 sacrifice

324 2385 387 2424 De
401 2382 469 2436 qui
487 2396 528 2422 se
542 2382 727 2422 l'immola
744 2382 829 2421 leur
846 2379 1033 2420 demande
1041 2378 1210 2431 justice:

324 2469 359 2509 11
377 2470 414 2508 le
433 2468 517 2517 sait,
537 2473 577 2508 et
593 2467 753 2521 pretend
770 2481 842 2520 par
855 2481 910 2507 un
923 2466 1044 2519 jeune
1061 2466 1274 2519 Empereur

326 2555 518 2596 Ramener
535 2556 592 2596 les
603 2555 741 2609 esprits
759 2559 800 2596 et
817 2555 962 2596 calmet
978 2554 1062 2595 leur
1074 2552 1217 2594 fureur.

1600 2574 1736 2730 {gf—1·
1688 2526 1707 2551 „

214 2696 228 2714 ¹
254 2694 340 2728 Otho
349 2693 502 2738 fingebat
514 2699 550 2728 et
561 2698 703 2738 metum,
719 2705 786 2741 quo
801 2695 905 2740 magis
983 2711 995 2722 -
1007 2693 1142 2729 anxius
1158 2701 1305 2738 quonam
1315 2689 1530 2726 emitum
1538 2689 1602 2726 τ’..

168 2738 444 2781 concupisceret.
485 2739 590 2772 Tacit.
607 2739 700 2773 ΗΜ.
717 2749 743 2774 1.
762 2744 817 2775 21.
977 2743 1092 2781 peret,
1114 2747 1158 2770 ne
1183 2736 1327 2770 Urbano
1349 2734 1488 2779 quidem
1507 2733 1723 2776 mmm

188 2824 196 2832 ι
212 2782 230 2799 ²
253 2781 335 2825 Ipsa
354 2786 438 2815 aetas
454 2781 574 2815 Galbae
590 2786 627 2815 et
650 2782 770 2816 inrisui
784 2793 826 2817 ac
841 2781 907 2816 fu-
978 2780 1070 2832 fisus3
1087 2780 1179 2831 quod
1189 2778 1378 2814 remedium
1398 2777 1539 2814 unicum
1550 2787 1600 2817 -n
1644 2776 1716 2819 m
1740 2795 1743 2802 ¹

169 2824 258 2859 adio
274 2828 360 2858 erat.
398 2826 503 2859 Tam.
521 2826 615 2858 Hm.
631 2835 658 2859 1.
672 2830 706 2859 7.
980 2828 1124 2859 comma
1134 2822 1269 2870 impe-ii
1283 2820 1456 2866 tnnigit.
1483 2848 1487 2853 .
1658 2819 1667 2828 ‘

215 2869 230 2891 ³
255 2867 345 2903 Post
353 2868 490 2905 nuntios
503 2868 716 2906 Germanicae
725 2868 907 2906 seditionis
978 2876 1007 2903 ι.
1023 2872 1079 2905 14.
1500 2895 1508 2899 -
1599 2901 1602 2903 .
1658 2887 1675 2895 w
1698 2890 1706 2894 -
