2210 3978
418 165 514 212 An
552 160 675 212 Lm.
711 160 774 209 v.
813 159 982 208 ms'r.
1018 160 1074 209 C.
1113 139 1322 210 coms.
1350 158 1604 211 ‘'i-Acm.
1856 161 1955 215 645

38 302 162 357 atas,
202 311 291 345 seu
325 290 763 356 LacedaemoniOS,
807 290 1051 359 plurimas
1092 293 1243 342 urbes
1280 290 1331 343 in
1371 290 1532 344 Cret&⁴
1572 290 1739 343 insula
1777 295 1953 346 condi-

35 384 196 439 disse:
238 384 508 454 Spartiatae
547 395 718 436 autem
759 383 970 437 Judaeos
997 385 1173 435 fratres
1200 402 1318 435 suos
1357 403 1464 436 esse
1497 382 1858 452 gloriabantur,
1897 396 1954 438 ut

33 475 202 528 videre
241 488 317 529 est
356 476 403 528 I.
438 476 689 528 Machab.
719 494 834 527 XII.
861 484 949 528 21.
987 475 1217 544 Antiqua
1259 476 1381 543 ergo
1421 475 1515 527 fuit
1556 475 1590 529 J
1599 478 1859 528 udaeorum
1902 489 1954 531 et

34 567 355 621 Cretensium
383 566 821 636 consanguinitas3
860 567 1177 636 Judaicaque
1205 567 1470 636 progenies
1495 569 1635 619 fuere
1662 568 1950 622 Cretenses.

30 659 110 714 At
148 659 486 737 praeterquam
526 661 665 729 quod
702 657 970 711 Cretenses
1007 678 1196 729 semper
1235 658 1511 724 mendaces,
1553 671 1608 711 ut
1646 671 1846 715 constat
1888 681 1950 713 ex

32 771 213 804 eorum
251 761 380 817 vate,
420 752 557 821 apud
602 751 675 802 D.
704 748 945 809 Paulum,
986 750 1090 820 Ep.
1130 751 1193 802 ad
1231 750 1340 802 Tit.
1370 769 1408 802 1.
1445 758 1522 802 12.
1568 750 1741 820 gentili
1784 753 1949 805 adhuc
2004 733 2009 738 .
2097 734 2103 742 ¹

31 842 356 896 aemulatione
386 863 437 895 se
464 842 558 913 ipsi
585 842 621 896 J
629 844 886 894 udaeoruin
913 854 1143 894 auctores
1169 862 1277 894 esse
1294 843 1609 912 jactitavere.
1686 844 1846 903 Quod
1880 845 1950 898 ita

33 935 272 999 obtinuit,
299 945 355 987 ut
383 925 535 987 Lxx‘.
573 934 881 1004 Interpretes
911 934 963 985 in
1006 933 1277 986 Ezechiele
1303 945 1354 987 et
1403 935 1690 1003 Sophonifi,
1736 935 1838 989 loc.
1863 937 1952 990 cit.

0 1024 4 1040 ⁸
33 1031 216 1083 istm:
240 1039 291 1079 et
315 1033 494 1082 Ε’ΠὋ
513 1033 594 1089 Ἢ,
621 1031 809 1100 Κςητσὶς
833 1038 883 1078 et
908 1026 1134 1098 Hu'pomoa
1165 1034 1375 1099 Κρητῶν,
1407 1026 1459 1078 id
1483 1039 1576 1090 est,
1601 1032 1632 1057 “
1663 1027 1951 1094 Cretenses,

30 1127 84 1170 et
124 1121 329 1171 advenae
379 1117 699 1171 Cretensium
716 1119 744 1141 ''
794 1119 1059 1185 verterint3
1117 1119 1335 1188 indeque
1389 1118 1764 1183 Theodoretus‚
1817 1121 1951 1172 hunc

37 1210 314 1280 Sophoniae
326 1211 500 1263 locum
528 1210 882 1276 illustraturus,
907 1213 1154 1280 quosdam
1176 1212 1203 1262 e
1226 1209 1387 1263 Creta
1413 1211 1464 1262 in
1480 1211 1741 1263 ‘maritima
1762 1211 1954 1264 Palaes-

32 1305 149 1358 tinae
174 1303 290 1356 loca
313 1303 524 1368 venisse,
549 1303 722 1374 ibique
747 1304 1033 1356 consedisse
1059 1315 1273 1356 enarret.
1351 1291 1688 1356 Manifestum
1716 1305 1837 1372 ergo
1862 1324 1955 1356 cur

36 1395 334 1451 Cretensem
385 1395 631 1464 originem
674 1395 711 1449 J
718 1395 871 1448 udaeis
914 1395 1238 1465 adscripserit
1284 1395 1517 1449 Tacitus.
1595 1395 1791 1448 Contra
1832 1397 1954 1448 vero

35 1485 305 1541 Cretenses
324 1486 359 1542 J
367 1487 546 1540 udaico
565 1507 750 1556 genere
775 1497 1072 1557 prognatOS,
1099 1501 1282 1557 praeter
1307 1499 1475 1540 cetera
1499 1474 1810 1557 argumenta,
1835 1508 1957 1558 pro·
2025 1503 2033 1508 “

35 1581 158 1632 bant
183 1599 302 1631 usus
329 1579 554 1648 plurimi,
582 1569 916 1632 Cretensibus
942 1579 1231 1644 familiares,
1258 1590 1312 1632 ut
1338 1580 1487 1632 suilla
1504 1583 1661 1632 'earne
1686 1563 1955 1646 abstinere,

37 1674 135 1725 δῖε.
213 1659 488 1736 Praeterea,
527 1692 637 1743 quae
665 1674 728 1723 de
767 1670 952 1724 Minoe
980 1665 1254 1725 Cretenses
1289 1672 1576 1741 prodidere,
1612 1673 1738 1723 adeo
1777 1663 1959 1744 similia

37 1774 153 1816 sunt
176 1763 252 1828 iis,
278 1783 391 1834 quae
421 1754 567 1816 hlosi
593 1776 885 1830 evenerunt,
923 1775 979 1816 ut
1006 1763 1218 1816 Mosem
1255 1784 1314 1816 ac
1344 1764 1584 1816 NIinoem
1621 1783 1777 1815 unum
1804 1775 1957 1835 atque

38 1857 275 1908 eumdem
313 1875 421 1907 esse
459 1857 716 1908 hominem
751 1856 1023 1925 opinentur
1061 1854 1252 1908 Illustr.
1282 1844 1528 1919 Huetius,
1565 1855 1956 1921 Demonstratio

45 1948 384 2021 Evangelicct,
431 1947 697 2018 Proposit.
725 1967 807 2000 iv.
826 1969 875 2000 n.
895 1956 929 2008 9
956 1960 1005 2000 et
1030 1968 1136 2018 seq.
1163 1937 1384 2019 eumque
1409 1960 1613 2000 secutus
1639 1947 1959 2002 Christianus

41 2039 320 2106 Worinius,
357 2047 390 2070 “
414 2040 501 2093 De
530 2040 784 2110 corruptis
808 2041 1164 2111 antiquitatum
1193 2040 1534 2092 Hebraearum
1556 2041 1693 2109 apud
1715 2029 1960 2092 Tacituin

42 2140 95 2184 et
115 2126 412 2185 Martialem
439 2133 713 2202 vestigiiS,”
737 2132 824 2185 lib.
850 2151 890 2184 1.
918 2153 969 2202 p.
987 2140 1057 2185 43
1079 2145 1130 2184 et
1154 2137 1258 2203 seq.
1297 2133 1449 2184 Adde
1475 2132 1786 2202 praecipuam
1806 2124 1961 2209 fuisss

43 2227 180 2294 apud
204 2224 237 2278 J
247 2227 415 2278 udaeos
441 2226 638 2277 sabbati
663 2224 1030 2278 celebritatem.
1107 2226 1390 2277 Sabbatum
1429 2237 1600 2279 autem
1623 2225 1743 2275 cum
1783 2223 1961 2277 Graeci

43 2317 179 2385 diem
231 2317 434 2369 Saturni
480 2331 846 2387 nuncuparent,
898 2318 1014 2369 inde
1062 2317 1276 2372 Judaeos
1321 2318 1547 2381 Saturno
1588 2305 1961 2383 devotissimos,

45 2409 307 2480 Cretaque
332 2409 496 2468 insula
525 2411 788 2480 profugos,
813 2410 1151 2464 crediderunt.

116 2501 290 2554 Aucto
333 2502 388 2554 in.
431 2502 729 2555 butmbarum
806 2502 1012 2554 Illorem
1054 2502 1247 2553 addunt
1285 2502 1455 2554 MSS.
1485 2501 1635 2554 Harl.
1663 2500 1818 2554 Bodl.
1849 2501 1962 2554 JeS.

44 2593 223 2646 Guelf.
249 2605 300 2646 et
340 2594 673 2647 Puteolanus.
747 2595 946 2647 BIelius
972 2595 1188 2646 omisere
1215 2594 1387 2646 MSS.
1416 2594 1459 2646 Γ
1459 2594 1556 2646 lor
1586 2593 1721 2645 Bud.
1758 2594 1963 2645 Rhena-

43 2704 137 2738 nus
177 2697 228 2738 et
266 2687 592 2739 recentiores.
669 2688 755 2740 Sic
798 2688 933 2739 enim
973 2706 1128 2756 supra
1160 2685 1351 2739 Annal.
1400 2704 1476 2737 Vl.
1516 2694 1604 2739 42.
1643 2692 1679 2716 “
1702 2705 1868 2756 neque
1910 2685 1969 2737 in-v

44 2779 316 2830 barbarum
343 2778 632 2848 corrupta.”

127 2868 179 2921 V
174 2870 379 2924 ocitari.
456 2870 585 2924 Post
622 2871 845 2924 vocitari
882 2890 1152 2941 perperam
1185 2871 1376 2922 addunt
1414 2868 1586 2922 MSS.
1622 2868 1778 2921 Harl.
1805 2869 1966 2922 Bodl.

45 2961 159 3015 Jes.
185 2961 366 3015 Guelf.
391 2974 443 3014 et
469 2963 804 3027 Puteolanus,
831 2964 977 3034 quasi
995 2963 1160 3017 Ideo&
1238 2962 1396 3021 Quod
1419 2962 1471 3014 in
1486 2960 1709 3014 editione
1732 2961 1961 3031 principe

47 3064 99 3106 et
125 3053 490 3107 recentioribus
518 3055 656 3107 recte
685 3055 948 3108 omissum.

121 3145 481 3217 Hierosolymo
525 3166 584 3198 ac
625 3147 671 3200 J
672 3146 789 3199 uda,
864 3148 1018 3201 Ficto
1045 3145 1412 3216 Hierosolymi‚
1436 3165 1558 3198 vero
1581 3145 1615 3198 J
1622 3146 1732 3198 udae
1757 3143 1962 3198 nomine

48 3235 195 3288 abusi
232 3249 349 3290 sunt
392 3238 646 3308 AEgyptii,
689 3248 746 3292 ut
782 3239 1144 3312 AEgyptiacam
1193 3240 1229 3295 J
1235 3241 1494 3293 udaeorum
1542 3239 1791 3309 originem
1828 3257 1964 3294 asse-

49 3337 229 3382 retent.
