2210 3978
476 144 574 193 AD
611 145 739 194 LIB.
772 146 838 195 V.
875 145 1048 194 HIST.
1084 146 1144 194 C.
1179 143 1389 194 CORN.
1421 146 1671 198 TACI’I'I.
1939 147 2039 208 675

96 302 99 306 -
166 266 367 322 Simon.
447 266 508 322 ln
533 270 707 325 MSS.
736 270 878 324 Flor.
906 272 1038 341 Reg.
1066 269 1248 324 Guelf.
1273 269 1495 324 editione
1521 271 1753 342 principe
1777 284 1830 326 et
1856 295 2030 330 recen-

92 359 326 427 tioribu8‚
368 360 528 415 Simo,
582 363 776 419 MSS.
823 363 976 417 Harl.
1020 363 1177 417 Bodl.
1222 364 1334 418 Jes.
1373 375 1424 416 et
1469 364 1803 432 PuteolanuS‚
1852 366 2025 440 Syme.

88 453 229 507 Mox
255 454 412 507 editio
438 455 698 525 princeps,
741 456 939 509 Simon.

166 544 501 618 Bargioram.
578 549 724 600 Bene
752 547 979 620 Lipsius,
1057 547 1209 602 Male
1237 546 1389 617 vulgo
1419 548 1590 602 MSS.
1617 562 1668 603 et
1698 561 1891 605 veteres
1916 554 2023 607 edi-

87 636 268 703 tioneS,
310 638 721 711 Barbagioram.

159 728 465 784 Eleazarus·
541 731 688 785 Bene
716 732 1051 786 PuteolanuS.
1129 733 1392 803 Corrupte
1420 732 1593 787 MSS.
1618 747 1670 789 et
1694 738 1851 791 editio
1885 738 2023 808 prin-

82 842 225 894 ceps,
268 823 607 890 HeleazaruS,
647 824 726 877 vel
754 834 812 878 at
841 824 1097 879 Lazarus.

157 915 368 971 Bell-um
393 927 670 971 externum.
748 918 878 971 MS.
905 918 1037 987 Reg.
1078 918 1266 971 bellum
1291 927 1583 972 extremum.

158 1009 502 1063 Concordiam
521 1019 752 1080 pareret.
828 1009 1001 1083 MSS.
1031 1009 1183 1064 Harl.
1213 1010 1370 1063 Bodl.
1398 1011 1431 1065 J
1438 1030 1510 1063 es.
1534 1024 1585 1064 et
1611 1012 1859 1066 editiones
1883 1027 2019 1068 vete-

79 1123 177 1170 res,
199 1112 443 1173 pararet.

151 1287 302 1341 CAP.
336 1296 417 1342 13.
456 1288 718 1359 Expassae.
795 1288 940 1342 Bene
970 1287 1304 1341 Puteolanus.
1383 1289 1644 1359 Corrupto
1690 1290 1819 1345 MS.
1864 1292 2006 1345 Flor.

76 1390 309 1452 expertae.
383 1380 445 1433 In
496 1381 667 1436 MSS.
694 1381 827 1451 Reg.
851 1381 980 1451 Agr.
1006 1393 1058 1435 et
1084 1381 1309 1435 editione
1335 1382 1586 1452 principe,
1626 1391 1836 1452 apertae.
1877 1384 2007 1438 MS.

76 1473 113 1527 J
118 1493 189 1528 eS.
215 1493 463 1545 expansas.

149 1566 222 1619 Iu
246 1575 449 1619 metum.
526 1566 699 1620 MSS.
727 1564 878 1618 Harl.
907 1565 1061 1619 Bodl.
1089 1566 1144 1618 iu
1169 1574 1323 1619 metu.
1398 1566 1583 1620 Altera
1608 1588 1761 1622 manu
1795 1569 1847 1623 in
1875 1569 2007 1628 MS.

74 1657 232 1712 Harl.
256 1660 600 1725 emendatum,
638 1667 846 1711 metum.

152 1751 522 1822 Vespasianum
547 1771 608 1804 ac
638 1751 813 1804 Titum
831 1750 1199 1821 praedixerant.
1274 1751 1521 1822 Antiquae
1561 1751 1660 1805 illae
1703 1750 1860 1805 literae
1902 1773 2005 1806 non

73 1830 447 1915 Vespasianum
484 1845 786 1914 Titumque‚
825 1845 912 1896 sed
952 1843 1008 1898 J.
1051 1843 1116 1897 C.
1161 1864 1375 1915 regnum
1415 1844 1768 1916 praedixerant.
1845 1845 2006 1904 Quod

73 1937 358 2008 expressius
382 1937 758 1990 declarandum.

73 2357 190 2411 DE
220 2351 827 2410 PERS'UASIONE
864 2355 1078 2410 TUNC
1103 2354 1492 2410 VULGATA
1519 2355 2001 2414 PROFECTUS

451 2488 746 2587 JUDAEA
788 2531 1098 2587 RERUM
1131 2532 1625 2588 POTITUROS.

137 2766 649 2820 PERSUASIONEM
678 2766 819 2818 illam
843 2774 1056 2818 testatur
1073 2763 1288 2818 Tacitus
1315 2763 1461 2817 His-t.
1490 2782 1543 2817 v.
1578 2772 1658 2818 13.
1698 2771 1732 2796 “
1753 2765 1996 2820 Pluribus

62 2861 327 2930 persuasio
370 2860 548 2926 inerat,
605 2857 824 2929 antiquis
882 2859 1206 2911 sacerdotum
1251 2854 1409 2908 literis
1454 2855 1716 2922 contineri,
1772 2877 1835 2909 eo
1877 2856 1995 2927 ipso

63 2964 298 3023 tempore
323 2955 454 3020 fore,
491 2962 548 3004 ut
572 2952 848 3004 valesceret
877 2949 1078 3014 Oriens,
1106 2947 1431 3017 profectique
1449 2948 1484 3002 J
1490 2948 1636 3001 udaea
1662 2968 1832 3002 rerum
1857 2950 1993 3018 poti-

62 3055 248 3099 rentur.
321 3046 455 3104 Quae
493 3047 738 3112 ambages
763 3041 1136 3111 Vespasianum
1162 3059 1222 3092 ac
1248 3039 1430 3091 Titum
1454 3040 1808 3109 praedixerant.
1885 3042 1990 3095 Sed

62 3137 259 3207 vulgus,
296 3157 441 3190 more
463 3138 696 3189 humanae
721 3133 989 3204 cupidinis,
1011 3132 1110 3185 sibi
1130 3142 1323 3190 tantam
1347 3132 1569 3183 fatorum
1593 3131 1991 3206 magnitudinem

62 3227 395 3299 interpretati,
451 3248 514 3280 ne
567 3227 789 3280 adversis
847 3225 1052 3296 quidem
1111 3224 1175 3276 ad
1233 3242 1351 3275 vera
1404 3225 1782 3298 mutabantur.”
1853 3225 1988 3279 Eam

62 3332 267 3392 quoque
311 3328 522 3375 testatur
575 3317 847 3377 Suetonius
910 3317 963 3370 in
1022 3315 1321 3386 Vespasian.
1383 3333 1462 3367 lv.
1556 3321 1588 3345 “
1619 3315 1991 3370 Percrebuerat

65 3413 278 3467 Oriente
305 3423 415 3466 toto
440 3423 581 3464 vetus
607 3422 657 3465 et
681 3422 922 3465 constans
947 3409 1123 3478 opinio
1146 3430 1158 3461 ε
1199 3427 1309 3461 esse
1335 3406 1384 3459 in
1412 3406 1546 3472 fatis,
1585 3419 1642 3460 ut
1674 3428 1736 3461 eo
1760 3420 1990 3479 tempore

62 3503 248 3559 Judaea
289 3504 506 3575 profecti
550 3524 716 3558 rerum
756 3503 1057 3574 potirentur.
1134 3500 1197 3554 Id
1254 3501 1317 3551 de
1372 3498 1688 3571 Imperatore
1730 3501 1990 3565 Romano,
