1786 3204
45 166 88 208 J.
107 166 156 207 C.
174 162 242 212 69.
387 161 777 203 HISTORIARUM
807 161 970 200 LIBER
1000 159 1307 200 SECUNDUS.
1418 195 1423 204 ,
1527 165 1603 200 113

45 268 255 321 cissimos
275 265 568 317 auxiliarium
598 263 945 313 imminentibus
980 265 1066 313 viae
1106 264 1222 313 lucis
1243 263 1451 313 occultos
1474 280 1602 312 com-

47 346 179 413 ponit
193 363 214 395 :·
256 344 433 410 equites
466 348 501 372 “
536 343 791 408 procedere
826 342 1016 407 longius
1032 343 1065 365 '³
1102 343 1234 408 jussi,
1270 347 1305 370 “
1332 353 1378 390 et
1412 341 1599 390 inritato

48 427 86 455 “
106 423 269 490 praelio
291 423 468 487 sponte‘
485 419 720 486 refugere,
741 418 1078 468 festinationem
1101 420 1394 484 sequentium
1417 419 1601 479 elicere,

48 505 82 528 “
103 502 255 550 donec
298 498 474 548 insidiae
512 496 854 547 coorirentur.''
938 497 1183 545 Proditum
1227 497 1274 544 id
1321 497 1600 545 Othonianis

47 579 275 628 ducibus:
324 588 371 626 et
414 592 575 629 curam
611 574 822 640 peditum
864 575 1118 631 Faustinus,
1164 575 1374 639 equitum
1415 574 1601 633 Celsus,

46 673 268 707 sumsere.
336 653 703 703 Tertiaedecimae
727 652 920 718 legionis
942 652 1186 711 vexillum,
1217 665 1416 716 quatuor
1437 651 1599 699 auxili-

49 750 189 783 orum
223 733 456 790 cohortes,
493 743 539 780 et
573 730 813 798 quingenti
843 730 1019 795 equites
1052 731 1101 778 in
1141 730 1320 779 sinistro
1347 730 1596 781 locantur:

48 816 270 877 aggerem
295 809 383 858 viae
400 811 412 831 ¹
435 820 530 857 tres
551 808 780 872 praeto‘riae
803 809 1018 857 cohortes
1051 808 1152 856 altis
1191 807 1430 855 ordinibus
1445 810 1461 828 ²
1483 806 1599 854 obti-
1674 800 1679 804 ”

50 905 195 937 nuere
210 905 225 935 ε
260 886 429 935 dextra
464 885 618 934 fronte
633 890 645 914 ³
687 887 836 950 prima
876 887 996 952 legio
1032 887 1231 945 incessit,
1271 903 1380 934 cum
1420 886 1599 933 duabus

47 964 346 1014 auxiliaribus
362 964 648 1023 cohortibus,
672 975 718 1012 et
741 964 1002 1030 quingentis
1025 965 1268 1029 equitibus.
1338 965 1490 1027 Super
1512 962 1599 1010 hos

49 1042 78 1092 ὲ
100 1042 319 1108 praetorio
335 1041 608 1107 auxiliisque
629 1041 756 1089 mille
779 1042 972 1106 equites,
995 1042 1211 1091 cumulus
1234 1040 1483 1111 prosperis,
1518 1050 1598 1088 aut

48 1120 306 1171 subsidium
330 1119 660 1185 laborantibuS,
693 1120 995 1175 ducebantur,
1345 1107 1348 1110 ’

51 1303 56 1306 -
115 1283 196 1325 25.
245 1279 562 1335 ANTEQUAM
604 1276 907 1345 miscerentur
949 1277 1086 1336 acies,
1136 1288 1267 1342 terga
1309 1273 1594 1325 vertentibus

49 1346 320 1414 Vitellianis,
356 1355 522 1404 Celsus
567 1348 663 1404 doli
692 1356 896 1419 prudens
929 1355 1143 1420 repressit
1173 1359 1296 1403 suos.
1365 1350 1596 1400 Vitelliani

48 1430 224 1479 temere
248 1443 567 1496 exsurgentes,
600 1433 792 1505 cedente
813 1433 982 1481 sensim
1017 1433 1178 1491 Celso,
1213 1431 1402 1498 longius
1435 1427 1598 1490 secuti,

49 1508 174 1556 ultro
203 1508 252 1556 in
283 1508 466 1557 insidias
500 1509 870 1574 praecipitantur:
907 1527 1015 1558 nam
1051 1511 1079 1558 a
1116 1510 1333 1557 lateribus
1363 1508 1596 1565 cohorteS,

47 1584 288 1652 legionum
309 1586 499 1634 adversa
519 1584 666 1646 frons,
702 1599 747 1636 et
774 1587 925 1636 subito
956 1587 1165 1635 discursu
1195 1599 1326 1652 terga
1355 1585 1597 1634 cinxerant

49 1663 240 1727 equites.
308 1663 506 1730 Signum
540 1670 711 1730 pugnae
747 1682 843 1713 non
878 1665 1029 1713 statim
1060 1665 1088 1713 ὃ
1124 1665 1345 1713 Suetonio
1383 1661 1595 1711 Paullino

47 1739 189 1806 pediti
212 1741 401 1789 datum:
438 1753 677 1789 cunctator
698 1742 880 1801 natura,
915 1754 960 1790 et
983 1743 1206 1790 cuibauta
1228 1742 1384 1806 potius
1408 1738 1597 1788 consilia

45 1834 156 1867 eum
177 1818 370 1878 ratione,
403 1818 548 1882 quam
570 1836 789 1883 prospera
811 1837 871 1868 ex
894 1837 1002 1874 casu
1025 1820 1276 1884 placerent,
1311 1823 1345 1845 ‘⁶
1370 1814 1594 1880 compleri

52 1898 86 1921 ‘⁶
118 1893 299 1962 fossas,⁴
334 1895 499 1970 aper-iri
531 1913 767 1962 campum,
801 1897 939 1963 pandi
961 1897 1142 1951 aciem''
1171 1897 1392 1965 jubebat3
1431 1899 1465 1922 “
1488 1892 1594 1941 satis

51 2091 121 2132 est,
137 2086 188 2123 ad
214 2084 374 2125 Castris.
404 2085 550 2142 Supple
567 2087 702 2134 aedem,
724 2087 783 2125 vel
910 2084 925 2107 ³
944 2087 1097 2128 Dextrd
1101 2088 1254 2140 fronte.
1292 2086 1338 2124 Id
1357 2090 1425 2130 est,
1454 2084 1593 2121 dextro

1 2179 4 2182 ,
52 2139 253 2190 templum.
282 2140 488 2182 Suetonius
518 2141 557 2179 in
594 2141 689 2185 oth,
719 2153 783 2181 lx.
857 2154 991 2188 cornu,
1020 2141 1139 2193 Angl.
1167 2142 1228 2179 the
1245 2140 1349 2191 right
1368 2140 1480 2189 wing.
1527 2137 1594 2175 Sic

52 2192 162 2237 ,Otho
179 2193 300 2233 tribus
323 2194 479 2243 quidem,
507 2194 634 2233 verum
651 2195 786 2233 medio·
860 2196 1096 2235 Claudianus
1115 2197 1154 2234 in
1171 2195 1371 2240 Rufinum,
1392 2205 1442 2230 11.
1465 2196 1555 2235 174.

51 2246 177 2290 eribus
198 2248 357 2298 prm-iix,
387 2249 488 2298 apud
506 2250 635 2299 Alpes,
665 2249 785 2287 circa-

52 2309 123 2351 que
161 2300 404 2348 Placentiam,
439 2310 476 2339 et
513 2304 562 2340 ad
601 2301 783 2349 Castoris,
858 2298 1013 2324 Armentis
1027 2298 1123 2330 frons
1151 2297 1224 2322 laeva
1251 2295 1367 2325 dacum
1393 2299 1452 2327 per
1477 2299 1595 2319 cornua

53 2354 152 2412 93¹⁰d
167 2355 247 2391 loco
265 2368 392 2392 nomen
409 2361 478 2401 est,
494 2357 597 2395 vicit.
629 2357 691 2393 Ex
709 2357 785 2394 Ta·
860 2338 1141 2403 Βεησὲἔέοἷοωι,
1530 2360 1533 2363 ’

52 2408 121 2445 citi
139 2407 353 2446 narratione
369 2409 520 2447 videtur
542 2409 674 2447 locum
694 2410 786 2448 Cas-

53 2467 182 2507 torum
202 2469 240 2499 et
257 2475 393 2513 pugnae
408 2463 521 2501 fuisse
537 2464 635 2501 inter
648 2463 783 2501 fluvios
914 2463 934 2485 4
953 2463 1137 2514 Compleri
1141 2462 1286 2515 fossas.
1317 2463 1414 2502 Haec
1434 2474 1479 2498 ne
1494 2460 1599 2498 acci-

23 2506 217 2562 -NPadum,
242 2516 303 2552 the
332 2516 402 2563 Po,
430 2523 467 2553 ct
494 2518 693 2563 Adduam,
723 2517 784 2555 the
864 2519 945 2568 pias
965 2519 1012 2555 de
1029 2517 1133 2555 fossis
1154 2525 1377 2561 castrorum,
1402 2515 1426 2552 ὲ
1453 2516 1594 2566 quibus

52 2568 181 2615 Addo,
204 2569 309 2611 haud
334 2569 471 2620 procul
496 2571 651 2621 oppido,
680 2571 783 2621 quod
864 2572 975 2623 longe
995 2573 1174 2616 aberant3
1204 2571 1267 2608 sed
1291 2568 1473 2615 defossis,
1498 2581 1595 2619 quas

51 2625 156 2660 nunc
174 2621 318 2662 dicitur
335 2623 606 2674 Bizziglzitone.
670 2640 672 2642 '
865 2625 1000 2666 incolae
1047 2625 1214 2662 fecerant
1258 2624 1306 2662 ad
1359 2623 1596 2673 recipiendas

57 2680 61 2682 ⁸
865 2692 998 2728 aquas,
1028 2679 1127 2715 etad
1145 2677 1393 2716 exsiccandos
1413 2690 1532 2726 agros,
1554 2684 1597 2713 ut

105 2729 121 2748 ¹
140 2730 330 2783 Aggerem
347 2731 428 2775 viae.
457 2730 543 2769 Viae
569 2733 789 2780 Postumiae,
865 2733 904 2770 in
931 2733 1054 2784 planis
1083 2732 1178 2772 locis
1203 2745 1283 2769 mos
1310 2739 1377 2777 est,
1405 2730 1598 2780 hodieque

53 2790 99 2821 nt
116 2783 221 2823 infra'
235 2785 338 2823 Hist.
355 2789 510 2823 111.21.
865 2787 980 2830 etiam
1025 2787 1163 2836 passim
1200 2786 1243 2823 fit
1289 2785 1328 2823 in
1361 2784 1431 2822 ill-22
1474 2783 1597 2822 Italiae

93 2833 229 2876 ²Altis
247 2838 451 2879 ordinibus.
491 2839 611 2891 Angl.
636 2840 674 2878 in
694 2841 789 2879 close
867 2849 986 2892 parte,
1012 2850 1049 2878 et
1068 2840 1105 2877 in
1124 2839 1209 2877 aliis
1224 2851 1311 2889 quae
1339 2838 1377 2876 in
1400 2838 1597 2887 planitiem

51 2891 218 2930 column.-
260 2891 327 2929 ubi
370 2895 535 2942 'angusta
577 2894 691 2940 frons,
743 2908 789 2933 ac
865 2895 1149 2941 extenduntur;
1178 2902 1222 2933 ut
1252 2891 1355 2931 recte
1385 2891 1600 2931 observavit

51 2944 212 2996 proinde
229 2945 358 2998 plures
374 2946 520 2996 altique
539 2949 701 2988 ordines.
867 2947 1049 2989 Pichena.

321 3024 441 3064 VOL·
477 3025 555 3064 ΙΙΙ.
1292 3026 1331 3064 H
