1786 3204
180 173 260 216 194
648 165 697 210 Ε.
722 168 995 209 ‘CORNELII
1016 163 1211 208 <⁶1¹Acl'r1
1403 170 1455 207 Α.
1482 167 1534 208 U.
1561 169 1616 208 C..
1627 163 1731 209 ⁴822.

178 271 450 322 Vitellianos
496 271 682 321 modica
728 273 884 322 caede·
873 310 886 333 ,
940 274 1068 321 nam
1081 272 1306 337 plurium
1332 273 1557 332 adcursu,
1597 289 1735 330 vem

169 349 385 410 fortuna,
417 361 463 398 et
497 350 750 398 acerrimus
781 350 978 415 quisque
1007 350 1318 415 sequentium,
1347 342 1488 416 fugae
1505 349 1731 400 ultimus-¹

179 440 306 477 erat:
343 445 429 475 nec
466 438 629 491 sponte
666 427 860 475 Antonii
890 439 1208 491 properatum,
1239 437 1286 476 et
1315 425 1436 493 fore,
1473 445 1580 493 quae
1615 426 1732 477 acci·-

181 506 363 564 derant,
386 506 589 554 rebatur.
659 505 884 553 Hortatus
912 522 1038 563 suos,
1074 510 1108 533 “
1133 517 1184 552 ut
1206 521 1378 571 magno
1402 505 1556 553 animo
1579 522 1734 570 capes·

171 588 233 617 ·“
252 594 430 632 serent
450 584 710 648 pugnam,''
769 582 968 631 diductis
1014 583 1063 630 in
1107 583 1250 631 latera
1302 582 1486 642 turmis,
1504 590 1733 637 *vammm

184 660 338 710 medio
368 660 555 724 reliquit
589 661 709 721 iter,
731 678 826 725 quo
858 663 1049 709 Varum*
1072 661 1341 726 equitesque
1363 662 1465 726 ejus.
1493 659 1733 725 reciperet.

146 744 148 748 ’
182 736 329 788 Juss'ae
365 738 533 786 armari
571 739 807 804 legiones:
832 740 1008 787 'datum
1035 744 1120 803 per
1153 755 1291 804 agros
1320 738 1524 803 signum,
1546 736 1736 803 ut,un

184 816 354 881 cuique
410 817 699 881 proximum,
745 815 915 865 omissa
970 815 1148 881 praeda,
1205 816 1367 880 praelio
1417 823 1732 865 occurrerent·

182 894 382 944 Pavidus
412 894 596 942 interim
617 896 769 943 Varus
804 895 955 942 turbae
990 910 1184 942 suorum
1217 893 1453 951 miscetur,
1487 891 1737 957 intulitque

183 966 512 1020 formidinem:
563 972 684 1036 pulsi
724 989 835 1021 cum
869 971 1034 1021 sauciis
1063 971 1248 1038 integri,
1285 971 1550 1036 suometipsi
1587 982 1734 1030 metu,

185 1059 231 1098 et
253 1049 471 1117 angustiis
493 1049 674 1099 viarum
695 1049 1090 1099 conflictabantur.
1603 1043 1614 1046 ’

260 1213 337 1259 17.
384 1208 626 1255 N'ULLUM
673 1207 720 1255 in
764 1205 844 1255 illa
882 1206 1183 1271 trepidatione
1222 1206 1458 1266 Antonius
1490 1189 1766 1255 constantis.

188 1285 337 1344 ducis,
381 1296 461 1333 aut
508 1284 742 1334 fortissimi
792 1284 965 1344 militis,
1010 1285 1215 1333 officium
1259 1285 1440 1334 omisit:
1491 1300 1736 1332 occursare

188 1363 490 1427 paventibu83
527 1363 724 1414 retinere
746 1364 1010 1412 ¹cedentes:
1047 1363 1127 1412 ubi
1161 1363 1390 1428 plurimus
1420 1363 1588 1421 labor,²
1610 1362 1737 1414 unde

187 1440 341 1505 aliqua
362 1458 484 1506 spes,
507 1441 715 1501 consilio,
739 1459 899 1500 manu,
922 1459 1055 1500 voce,
1089 1441 1278 1506 insignis
1299 1440 1437 1500 hosti,
1460 1439 1738 1504 conspicuus

188 1517 311 1567 suis:
348 1518 408 1568 eb
448 1519 687 1584 postremo
724 1519 913 1569 ardoris
942 1529 1189 1584 provectus
1225 1529 1310 1577 est,
1355 1530 1408 1566 ut
1444 1517 1737 1566 vexillarium
1775 1575 1780 1580 ,

189 1595 447 1662 fugientem
469 1594 599 1645 hasta
630 1599 1049 1645 transverberaret:
1087 1612 1202 1643 mox
1235 1605 1419 1660 raptum
1441 1594 1666 1643 vexillum
1687 1594 1738 1643 in

189 1674 373 1723 hostem
412 1674 579 1725 vertit:
617 1693 712 1740 quo
751 1676 949 1739 pudore,
989 1671 1114 1722 haud
1154 1673 1328 1738 plures,
1365 1671 1510 1738 quam
1548 1683 1737 1722 centum

189 1751 385 1816 equites,
408 1751 628 1811 restitere.
697 1753 823 1803 Juvit
850 1753 998 1812 locus,
1031 1752 1227 1801 arctiore
1258 1751 1350 1803 illic
1376 1750 1477 1810 via,
1510 1761 1557 1799 et
1588 1748 1736 1798 fracto

190 1827 494 1878 interfluentis
526 1830 639 1878 rivi³
676 1843 835 1896 ponte,
871 1830 951 1896 qui
981 1831 1157 1879 incerto
1181 1831 1330 1889 alve0,
1353 1840 1399 1878 et
1427 1827 1738 1893 praecipitibus

189 1906 318 1972 ripis,
353 1905 516 1972 fugam
549 1907 856 1972 impediebat:
893 1926 946 1957 ea
975 1908 1237 1967 necessitas,
1259 1925 1342 1956 seu
1363 1906 1568 1966 fortuna,
1590 1905 1738 1970 lapsas

186 1985 285 2050 jam
323 1996 474 2049 partes
519 1986 728 2035 restituit.
797 1987 987 2035 Firmati
1025 1987 1144 2034 inter
1181 1992 1255 2045 se,
1293 1984 1445 2034 densis
1481 1983 1739 2043 ordinibus,

192 2061 430 2127 excipiunt
474 2063 743 2112 Vitellianos
787 2065 963 2113 temere
1001 2065 1200 2114 effusos:
1237 2074 1374 2128 atque
1409 2062 1507 2111 illi?
1538 2072 1741 2110 conster-

193 2151 376 2190 nantur.
426 2140 662 2190 Antonius
683 2142 850 2191 instare
873 2143 1112 2208 perculsis,
1136 2154 1340 2191 sternere
1363 2140 1537 2190 obvios.
1588 2138 1741 2197 Simul,

252 2358 265 2375 ¹
297 2358 414 2411 Fugoe
446 2359 611 2398 ultimus.
643 2358 722 2399 Hic
748 2362 843 2400 forte
877 2363 933 2399 in-

1003 2363 1195 2413 cidamque
1214 2363 1310 2399 etat.

196 2413 305 2463 genio
324 2414 435 2451 nimis
452 2414 626 2465 indulget
643 2416 815 2454 Tacitus.
841 2416 933 2454 Sen-

1059 2413 1073 2435 ³
1105 2413 1366 2467 Iutctfluentis
1387 2412 1475 2450 riri.
1521 2411 1643 2450 Rivus
1672 2410 1738 2460 ilie

197 2480 259 2503 sus
289 2476 417 2504 autem
447 2478 523 2506 est:
541 2469 726 2518 'plurium
756 2470 933 2507 Vitellia-

197 2532 334 2558 norum
354 2521 519 2560 accursu
542 2535 647 2560 versa
669 2531 726 2561 est
754 2525 931 2569 fortuna;

197 2581 234 2611 et
245 2576 453 2613 acerrimus
469 2576 631 2626 quisque
647 2577 933 2624 Flavianorum,

197 2628 266 2678 qui
284 2628 513 2666 Vitellianos
528 2630 839 2680 insequebantur,
854 2632 934 2669 fac-

198 2689 260 2720 tus
278 2690 334 2720 est
351 2683 449 2733 fugae
476 2683 646 2730 ultimus,
665 2686 760 2735 quia
779 2685 931 2723 Vitelli-

198 2736 278 2774 anis
293 2737 479 2787 proprior.
537 2738 622 2776 Nec
638 2739 931 2786 emendandum,

198 2795 244 2827 ut
260 2790 388 2840 placet
403 2790 465 2829 Cl.
483 2791 654 2838 Ernesto,
667 2793 810 2843 primus
818 2792 932 2845 fitgoe

198 2850 296 2882 erat.

253 2895 270 2912 ²
298 2897 490 2935 Plurimus
522 2898 639 2937 labor.
687 2899 750 2938 Sic
785 2899 932 2946 Livius,

202 2964 255 2989 vr.
275 2956 338 2991 24.
378 2952 453 2990 Ubi
481 2953 663 3003 plurimus
696 2954 801 2993 labor
830 2955 933 3006 peri-

1004 2470 1119 2509 hodie
1168 2469 1387 2520 apponatur
1431 2466 1653 2510 Dermona‚·
1698 2465 1739 2503 in

1004 2524 1169 2567 Ollium,
1188 2522 1242 2573 Og
1243 2524 1313 2567 lio,
1331 2521 1469 2560 innuit..
1512 2548 1514 2550 »

1057 2575 1076 2599 ⁴
1104 2577 1231 2634 Atque
1251 2576 1323 2614 illi
1364 2575 1407 2613 Id
1426 2581 1494 2617 est,
1521 2571 1652 2611 statim
1679 2570 1737 2612 illi

1006 2638 1258 2670 consteinant
1256 2643 1316 2674 ιι·
1347 2636 1391 2667 ut
1418 2628 1456 2666 .Ἰ.
1481 2628 1532 2665 F.
1542 2625 1740 2666 Gronovio

1006 2686 1110 2724 recte
1139 2686 1397 2722 observ.atum
1454 2681 1520 2720 Sic
1539 2679 1740 2731 Virgilius,

1007 2740 1186 2790 Georgic.
1210 2751 1238 2776 1.
1266 2742 1359 2775 201.
1472 2738 1475 2746 “
1574 2754 1578 2759 ·

1007 2811 1052 2836 No
1037 2818 1076 2836 on
1095 2811 1188 2836 aierlt
1189 2808 1312 2842 ‚quam
1326 2809 1381 2841 qui
1392 2807 1461 2834 adv
1445 2814 1526 2833 verso
1543 2804 1742 2841 visflumine

1006 2850 1158 2922 Rmecmg
1159 2857 1228 2914 smbi
1218 2896 1259 2921 g
1251 2888 1295 2918 e
1310 2887 1404 2913 sir-ab
1407 2885 1456 2912 clu
1452 2882 1572 2919 'asor-t&
1585 2883 1712 2915 remitit,

1009 2929 1103 2964 Atque
1115 2929 1167 2954 ‘lli
1159 2935 1209 2953 nem
1223 2929 1257 2954 in
1271 2934 1354 2962 praec
1355 2934 1403 2961 eps
1418 2933 1520 2960 prono
1538 2923 1626 2961 rapit
1639 2917 1740 2952 aem

1071 2975 1121 2994 am
1123 2968 1166 2994 ni.
