2242 3996
437 204 539 254 AD
576 200 707 251 LIB.
741 199 812 250 ΙΙ.
847 199 1035 250 ΗΙΞΤ.’
1061 199 1121 249 C.
1158 198 1374 277 COVRN.
1406 197 1659 247 TACITI.
1911 203 2013 260 495

47 333 260 410 ..pentum
299 333 441 408 quod
478 330 674 388 multos
713 341 765 384 et
806 331 968 382 fortes
1007 327 1143 381 viros
1182 327 1235 380 in
1252 322 1448 381 *Africa
1470 325 1820 398 nequicquam
1844 327 2015 398 perdi-

40 430 238 498 derint,
274 428 399 482 licet
424 446 524 497 pro
551 423 738 496 populi
766 420 995 477 Romani
1039 431 1297 475 certarent
1339 421 1594 488 libertate.
1670 420 1923 480 Quamvis
1950 421 2016 475 sit

38 524 197 578 enim
222 520 348 576 alias
371 518 662 574 communis
688 517 930 571 omnibus
955 518 1182 580 fortuna,
1208 535 1370 568 unum
1389 514 1507 567 viris
1534 513 1683 567 bonis
1710 525 1884 568 tamen
1907 535 2012 569 non

57 613 256 683 adimit,
295 615 337 668 si
362 611 683 679 incurrerint,
722 611 847 684 quin
875 629 970 681 pro
995 608 1201 662 casibus
1226 620 1367 662 recta
1401 607 1610 678 capiant
1634 608 1884 662 consilia.'
1923 610 2012 663 Sic

38 713 194 764 ''fatus
244 708 502 780 permovit
550 707 844 777 praefectos.
923 700 1213 774 Postquam
1267 702 1390 755 vero
1432 701 1622 756 milites
1672 712 2012 770 tentaverunt,

4 821 10 823 ·
58 813 216 875 atque
240 822 330 856 eos
355 802 498 872 pacis
523 800 755 853 viderunt
779 797 1016 868 cupidOS,
1049 782 1287 850 Titianus
1311 805 1485 849 autem
1511 796 1787 851 mittendos
1806 800 2012 853 *censuit

60 900 126 952 de
152 896 432 955 concordia
472 895 671 965 legatos
693 915 708 961 ;
746 892 912 945 visum
956 902 1014 944 ut
1039 889 1226 944 Celsus
1252 900 1305 943 et
1331 889 1519 943 Gallus
1544 891 2011 962 proficiscerentur,

62 989 496 1061 convenirentque
546 987 814 1042 Caecinam
875 996 927 1038 et
975 984 1267 1038 Valentem.
1343 983 1689 1054 Pergentibus
1738 987 2020 1041 occurrere

62 1084 406 1148 centurioneS,
445 1081 534 1153 qui
571 1087 586 1112 ‘
608 1080 810 1151 copias’
835 1090 1166 1132 narraverunt
1205 1083 1221 1108 ‘
1237 1078 1352 1150 jam
1377 1077 1599 1131 movisse
1625 1088 1678 1131 et
1701 1078 2011 1134 contendere

64 1178 403 1243 Bebriacum,
427 1176 610 1228 missos
635 1177 701 1228 ab
728 1173 948 1227 ducibus
974 1193 1029 1226 se
1056 1174 1121 1225 ad
1146 1173 1403 1242 agendum
1421 1173 1485 1224 de
1505 1173 1820 1226 concordia?
1858 1176 2010 1235 Quos

10 1277 25 1288 ‘
62 1272 386 1327 collaudatos
413 1269 600 1323 Celsus
626 1279 678 1322 et
704 1262 891 1321 Gallus
916 1275 1207 1332 oraverunt,
1245 1276 1304 1318 ut
1330 1275 1465 1319 retro
1490 1266 1712 1319 redirent
1746 1277 1799 1320 et
1835 1287 2012 1321 secum

63 1366 274 1421 obviam
316 1366 656 1436 procederent
684 1361 926 1415 Caecinae.
999 1360 1076 1413 Ut
1117 1357 1282 1431 prope
1321 1371 1583 1427 venerunt,
1622 1360 1834 1415 incurrit
1876 1363 2015 1433 peri-

62 1459 242 1515 culum
271 1458 478 1512 Celsus.
558 1457 702 1510 Nam
726 1457 861 1509 forte
888 1457 1272 1526 praecurrebant
1310 1453 1432 1507 victi
1472 1454 1593 1513 ante,
1615 1456 1768 1526 ,apud
1808 1449 2013 1511 insidias

283 1552 312 1574 '5

63 1553 280 1626 equites.
383 1551 630 1623 (Equites
654 1569 842 1620 nempe
870 1548 1069 1615 Batavi,
1109 1568 1240 1619 quos
1281 1548 1312 1601 a
1336 1548 1706 1618 gladiatoribus
1731 1569 2011 1620 repressos,

66 1647 186 1700 dein
235 1647 376 1717 apud
423 1645 629 1698 insidias
695 1664 856 1698 caesos
915 1642 1119 1714 scripsit
1171 1643 1505 1696 Plutarchus·
1578 1642 1749 1697 Aliter
1773 1643 2010 1713 TacituS,

66 1758 186 1810 cap.
212 1746 330 1810 43.)
404 1745 441 1771 “
468 1738 578 1792 Ubi
602 1739 725 1808 ergo
747 1740 1103 1792 adventantem
1143 1757 1460 1807 conspexere
1488 1737 1734 1806 Celsum,
1757 1738 2011 1810 impetum

65 1833 302 1905 protinus
325 1847 446 1886 cum
472 1832 698 1894 clamore
723 1832 774 1884 in
798 1831 944 1884 illum
975 1834 1163 1884 fecere.
1238 1831 1486 1886 Ceterum
1511 1833 1815 1904 objecerunt
1839 1855 1894 1888 se
1913 1855 2013 1906 pro

66 1947 130 1980 eo
155 1926 500 1992 centuriones,
538 1936 693 1998 atque
717 1925 835 1978 illos
860 1935 1240 1996 represserunt:
1283 1945 1342 1977 ac
1365 1926 1487 1978 cum
1513 1925 1599 1979 alii
1624 1927 1862 1981 ordinum
1887 1930 2012 1983 duc-

0 2043 7 2055 >·
64 2032 207 2076 ‘tores
232 2020 596 2087 exclamarent,
635 2029 694 2073 ut'
716 2017 1081 2073 abstinerent&
1108 2017 1302 2072 Celso:
1344 2039 1398 2071 re
1418 2019 1497 2086 iis,
1538 2020 1627 2092 qui
1651 2011 1774 2074 dum
1800 2021 2013 2075 Caecinst

68 2125 230 2182 erant,
268 2115 559 2185 comperta,
597 2113 870 2167 confestim
895 2113 1113 2180 advecti,
1152 2113 1434 2167 tumultum
1460 2115 1694 2185 equitum
1720 2136 1844 2170 mox
1869 2119 2014 2172 seda-

66 2229 222 2263 vere:
262 2208 587 2279 salutatoque
612 2207 830 2261 comiter
866 2206 1044 2274 Celso,
1082 2226 1381 2288 concessere
1412 2228 1534 2263 cum
1572 2228 1636 2262 eo
1678 2209 2015 2266 Bebriacum.

14 2311 17 2313 ’
63 2302 215 2356 -Inter
235 2303 346 2355 haec
370 2302 637 2355 Titianum
665 2301 966 2372 poenitentia
989 2300 1149 2371 cepit,
1174 2301 1316 2371 quod
1340 2301 1537 2372 legatos
1561 2303 1799 2357 misisset.
1846 2303 2015 2375 Igitur

69 2395 418 2449 ferocissimos
462 2414 697 2467 quosque
739 2395 962 2448 militum
1005 2395 1192 2448 iterum
1233 2394 1457 2466 imponit
1500 2397 1675 2462 muriS,
1713 2409 1912 2452 ceteros
1950 2402 2015 2453 ad

71 2490 336 2542 serendam
362 2509 521 2559 opem
545 2489 754 2544 excitat.
827 2490 905 2542 At
946 2488 1037 2541 ubi
1080 2509 1217 2560 equo
1246 2489 1456 2542 Caecina
1498 2493 1739 2544 advectus
1781 2494 2014 2548 dextram

31 2609 34 2612 ⁴
73 2583 320 2654 porrexit,
359 2602 514 2636 nemo
538 2582 673 2636 ultra
696 2582 977 2636 reluctatus
1002 2593 1110 2637 est:
1149 2585 1238 2636 sed
1279 2583 1367 2636 alii
1405 2583 1624 2638 salutare
1665 2605 1727 2640 ex
1753 2586 2015 2641 moenibus
2084 2617 2086 2620 >

0 2718 2 2720 v
65 2675 280 2744 milites,
319 2671 437 2746 pars
462 2677 615 2746 porta
650 2677 876 2730 reserata
916 2677 1070 2745 exire,
1110 2688 1264 2748 atque
1307 2677 1692 2733 advenientibus
1729 2700 1783 2734 se
1821 2681 2018 2734 immis-

8 2815 11 2822 Ι
65 2790 222 2825 ἐει-ες
276 2770 380 2823 vim
422 2771 610 2823 inferre
651 2789 824 2836 neme,
862 2772 952 2823 sed
989 2770 1233 2841 gratulari
1274 2771 1660 2844 complectique
1698 2793 1753 2827 se
1791 2770 2014 2849 mutuo:

2 2901 12 2907 „
76 2863 297 2935 denique
324 2864 577 2928 omnesssin
602 2866 758 2918 verba
781 2863 976 2920 Vitellii
989 2866 1311 2937 juraverunt,
1347 2876 1502 2937 atque
1525 2868 1591 2919 ad
1614 2886 1734 2920 eum
1757 2867 2017 2923 transiere.

78 2957 164 3010 Ita
187 2956 441 3028 plerique,
478 2958 569 3028 qui
607 2958 880 3011 interfuere
918 2971 1127 3029 pugnae,
1163 2979 1274 3012 rem
1315 2970 1514 3030 gestam
1539 2972 1760 3028 narrant,
1798 2964 2016 3019 fatentes

0 3053 6 3070 ‘
78 3071 142 3104 ne
167 3070 221 3103 se
246 3050 455 3121 quidem
481 3054 550 3104 ob
576 3051 931 3105 confusionem
951 3063 1004 3106 et
1028 3055 1237 3106 turbam
1262 3053 1460 3123 singula
1485 3054 1664 3107 exacte
1690 3054 1891 3145 nosse?

154 3143 499 3198 Praetorianos
524 3155 697 3198 autem
721 3144 928 3199 laudare
951 3146 1151 3207 videtur
1172 3135 1406 3214 TacituS,
1444 3147 1564 3200 cum
1607 3167 1711 3201 non
1736 3149 1928 3203 virtute
1949 3168 2018 3216 se,

0 3218 25 3274 ἦ
67 3237 170 3289 sed
182 3237 478 3307 proditione
502 3237 665 3291 victos
704 3239 940 3293 fremant.
1017 3239 1218 3294 Contra
1242 3239 1362 3293 vero
1390 3239 1724 3308 Plutarchus,
1760 3225 1886 3296 i'bid.
1911 3243 2016 3297 ait:
2051 3244 2054 3246 ’

15 3314 21 3317 ¹
77 3334 116 3361 ἴ*
144 3330 488 3384 Praetorianos
513 3332 794 3385 foedissime
820 3331 1051 3387 omnium
1084 3334 1243 3387 fuisse
1283 3325 1560 3404 p'raeliatos,
1597 3334 1686 3406 qui
1723 3355 1828 3390 non
1869 3337 2020 3390 susti-

82 3442 256 3490 nuere,
293 3443 358 3476 ne
383 3426 507 3478 dum
550 3427 614 3477 ad
657 3444 837 3490 manus
862 3426 1070 3497 quidem
1094 3427 1308 3481 venisset
1331 3426 1523 3494 hostis3
1561 3429 1652 3480 sed
1694 3430 1762 3482 et
1785 3448 1892 3496 eOS,
1930 3429 2019 3501 qui

22 3549 36 3603 ·;
75 3519 284 3570 stabant
308 3517 509 3571 adhuc
495 3538 549 3570 m
575 3518 709 3586 acie,
741 3530 884 3573 metu
908 3539 1221 3592 pavoreque,
1260 3522 1383 3580 dum
1410 3519 1535 3594 fuga
1557 3533 1902 3628 perrumpunt
1925 3542 2020 3595 per

35 3665 37 3669 .
75 3627 190 3679 eoa,
228 3610 556 3681 implevere''
