1760 3210
76 172 115 213 J.
133 173 179 212 c.
198 175 264 217 70.
418 168 803 212 HISTORIARUM
831 169 993 212 Lim-:R
1021 170 1279 219 QUINTUS.
1540 180 1620 223 :379

82 278 112 306 “
134 274 241 324 una
262 273 445 339 natione
458 262 601 324 totius
617 262 993 325 orbis‘servitium
1010 275 1178 342 depelli
1193 275 1344 342 equid
1361 275 1619 340 perfectum

59 353 343 403 '“³²cae·de2et
356 352 583 402 ‘incendiis
604 353 859 419 legionum,
887 354 982 402 nisi
1017 365 1075 403 nt-
1103 355 1257 419 plures
1274 345 1623 419 ‹validioresque-

40 453 42 455 “
83 433 113 458 “
145 429 437 479 accirentur?
504 430 553 479 Si
574 424 852 494 Vespasiano
874 431 1052 479 bellum
1081 430 1361 490 navaven'nt,
1384 430 1617 495 Vespasia·

82 511 113 534 “
145 523 261 556 num
282 522 441 556 rerum
463 506 627 571 potiri:
662 507 732 554 sin
761 506 988 571 populum
1012 507 1281 556 Romanum
1297 507 1435 555 armis
1451 524 1618 571 provo-

78 587 110 612 “
142 595 267 643 cent,
311 594 502 651 quotam
540 594 718 647 partem
762 583 945 648 generis
988 583 1177 632 humani
1235 586 1446 633 Batavos·
1481 584 1616 634 esse?

78 665 111 688 “
142 661 421 725 respicerent
445 652 606 708 Rei-'tos
625 657 936 725 Noricosque,
960 672 1007 708 et
1028 672 1288 710 ceterorum
1310 674 1451 710 onera
1472 661 1617 711 socio-

75 742 108 766 “
141 752 280 787 rum:
326 737 414 786 sibi
446 752 543 786 non
578 737 765 801 tributa,
804 738 885 805 sed
920 737 1138 795 virtutem
1172 749 1219 786 et
1262 738 1384 786 viros
1400 742 1412 761 ¹
1446 727 1612 788 indici:

74 818 110 849 ⁹‘
141 814 411 882 proximum
442 813 491 861 id
534 813 759 862 libertati:
806 825 852 862 et
895 813 932 862 si
972 815 1269 862 dominorum
1308 816 1469 863 electio
1522 815 1611 876 sit3

74 897 105 920 “
138 892 379 941 honestius
413 890 651 955 Principes
689 890 1031 950 Romanorum,
1076 891 1220 956 quam
1265 884 1614 942 Germanorum

72 974 106 997 “
137 969 352 1021 foeminas
371 967 558 1017 tolerari
571 968 623 1016 :⁹⁹
647 966 748 1015 haec
769 968 954 1033 vulgus.
1021 969 1243 1017 Proceres
1255 985 1291 1034 εἱ
1322 974 1355 997 “
1388 971 1613 1020 atrociore

73 1051 105 1075 “
138 1043 298 1098 Civilis
315 1043 444 1095 vrabie
459 1057 604 1095 semet
625 1044 674 1094 in
694 1060 822 1094 arma
842 1057 1022 1096 trusos:
1046 1045 1179 1093 illum
1201 1046 1460 1094 domesticis
1481 1047 1613 1098 maus

70 1129 102 1153 “
136 1124 370 1173 excidium
392 1123 539 1189 gentis
561 1123 859 1186 opposuisse:
895 1133 1006 1170 tunc
1036 1122 1238 1170 infensos
1261 1123 1442 1170 Batavis
1463 1125 1610 1184 Βεοε,

51 1196 105 1229 Ὗ*
137 1201 253 1252 cum
274 1201 594 1249 obsiderentur
614 1199 837 1264 legiones,
858 1199 1228 1247 interficerentur
1250 1199 1403 1264 legati,
1432 1193 1610 1249 bellum

70 1284 103 1307 “
137 1279 216 1327 uni
254 1276 578 1334 necessarium,
618 1274 760 1323 ferale
806 1275 913 1340 ipsis
951 1288 1223 1324 sumeretur.
1316 1278 1519 1326 Ventum
1549 1279 1608 1327 ad

70 1361 101 1384 “
135 1367 360 1413 extrema,
395 1354 443 1402 ni
464 1353 726 1418 resipiscere
763 1352 996 1418 incipiant,
1035 1365 1080 1402 et
1113 1353 1240 1402 noxii
1273 1353 1431 1418 capitis
1464 1355 1605 1419 poenii

67 1436 99 1461 “
118 1431 447 1501 *poenitentiam
462 1428 741 1479 fateantur?

129 1593 212 1637 26.
258 1588 381 1636 Nou
420 1583 583 1634 fefellit
630 1587 827 1636 Civilem
877 1604 931 1635 ea
972 1584 1221 1645 inclinatio,
1271 1593 1318 1634 et
1351 1585 1605 1650 praevenire

59 1664 246 1724 statuit3
298 1680 439 1728 super
483 1662 674 1711 taedium
728 1664 976 1722 malorum,
1023 1663 1159 1711 etiam
1206 1679 1288 1726 spe
1334 1663 1457 1722 vitae,
1496 1680 1602 1728 quae

61 1742 338 1809 plerumque
383 1756 575 1806 magnos
630 1741 805 1788 animos
860 1739 1079 1806 infringit.
1159 1739 1307 1787 Petito
1351 1740 1602 1804 colloquio,

59 1819 282 1869 scinditur
317 1817 525 1871 Nabaliae
565 1816 764 1865 fluminis
780 1820 795 1838 ²
838 1833 984 1881 pons;
1021 1817 1069 1864 in
1106 1818 1236 1881 cujus
1270 1818 1463 1881 abrupta
1495 1834 1602 1880 pro-

57 1896 202 1963 gressi
224 1895 394 1944 duces:
430 1906 476 1942 et
514 1894 676 1943 Civilis
697 1894 760 1942 ita
793 1895 963 1957 coepit:
1001 1899 1035 1923 ‘⁶
1070 1894 1118 1942 Si
1140 1895 1263 1958 apud
1286 1893 1455 1941 Vitellii
1475 1893 1600 1959 lega-

58 1979 93 2003 “
127 1985 230 2022 tum
273 1970 566 2031 defenderer,
599 1988 753 2036 neque
791 1971 912 2020 facto
952 1988 1058 2020 meo
1096 1971 1244 2030 venia,
1277 1987 1429 2035 neque
1467 1970 1600 2019 dictis

58 2055 93 2080 “
126 2051 243 2099 fides
265 2050 532 2098 debebatur.
604 2051 788 2098 Cuncta
825 2050 945 2098 inter
973 2066 1060 2097 nos
1082 2048 1280 2107 inimica,
1311 2046 1506 2106 hostilia,
1539 2048 1597 2095 ab

59 2132 94 2157 “
127 2127 207 2175 illo
230 2138 399 2192 coepta,
423 2126 451 2173 a
480 2143 557 2175 me
583 2139 724 2175 -aucta
758 2139 900 2175 erant.
969 2127 1095 2191 Erga
1117 2125 1448 2189 Vespasianum
1465 2135 1597 2172 vetus

57 2208 93 2233 “
127 2203 240 2252 mihi
262 2204 573 2252 observantia:
613 2217 676 2263 et,
708 2205 822 2253 cum
857 2203 1059 2268 privatus
1089 2214 1222 2261 esset,
1251 2201 1384 2250 amici
1405 2202 1596 2249 vocaba-

54 2285 89 2310 “
123 2298 244 2330 mur.
313 2281 419 2329 Hoc
442 2280 599 2329 Primo
636 2281 845 2329 Antonio
884 2292 1068 2338 notum,
1105 2281 1237 2344 cujus
1271 2278 1470 2342 epistolis
1486 2281 1515 2337 ’ξ
1536 2279 1595 2328 ad

57 2362 92 2386 “
125 2358 302 2406 bellum
339 2357 510 2405 accitus
540 2374 661 2416 sum,
697 2374 756 2405 ne
793 2357 1086 2407 Genumficae
1120 2355 1323 2421 legiones
1345 2366 1390 2402 et
1414 2355 1607 2405 Gallica.

58 2438 89 2462 “
115 2437 334 2502 juventus
355 2435 502 2499 Alpes
535 2436 889 2485 transcenderet.
961 2436 1083 2498 Quae
1112 2432 1345 2481 Antonius
1375 2430 1590 2497 epistolis,

110 2632 125 2653 ¹
162 2633 345 2674 Virtutem
365 2640 401 2673 et
428 2634 542 2673 viros.
587 2634 789 2684 Eleganter
856 2634 904 2672 ad
937 2633 1096 2671 fluvium
1133 2633 1275 2678 Salam,
1309 2631 1430 2678 lasset,
1469 2632 1592 2671 fuerat

56 2688 219 2727 dictum.
254 2689 396 2726 Eodem
409 2682 528 2726 *sensu
551 2701 666 2738 supra
687 2688 787 2726 nist.
855 2688 997 2733 ducta;
1034 2687 1081 2724 de
1108 2686 1187 2737 qua
1213 2686 1361 2724 dictum
1390 2694 1445 2723 cst
1475 2699 1591 2736 supra

45 2753 116 2781 ιν.
135 2746 196 2780 12.
226 2741 338 2780 Viros
355 2741 502 2780 tantam
520 2754 693 2792 armaque
721 2741 787 2779 im·
858 2741 996 2779 Annal.
1025 2753 1072 2778 ιι.
1103 2744 1140 2779 8.
1172 2739 1289 2777 Plura
1306 2739 1390 2777 vide
1407 2740 1510 2790 apud
1528 2740 1590 2778 Cl.

48 2795 156 2846 perio
171 2796 400 2833 ministrant.
857 2794 1002 2844 Altiug‚
1019 2794 1094 2832 loc.
1113 2795 1178 2831 cit.
1193 2806 1230 2844 p.
1255 2798 1344 2831 100.

107 2845 126 2863 ²
154 2848 327 2887 Nabaliae
328 2848 516 2899 fluminis,
546 2848 715 2887 Nabalia
732 2854 787 2885 est
908 2844 923 2866 ³
953 2848 1070 2898 Czy'us
1094 2847 1273 2898 epistolis.
1330 2846 1428 2884 Vide
1474 2859 1589 2896 supra

53 2900 136 2954 ipsa
155 2902 252 2941 fossa
269 2902 474 2948 Drusiana,
506 2915 593 2952 quae
611 2902 635 2940 a
654 2902 787 2940 Rheno
857 2901 957 2939 Hist.
972 2913 1032 2940 tv.
1047 2903 1110 2940 13.
