1786 3204
56 194 98 236 J.
122 187 281 236 6.,69..
434 159 830 232 msa-omnum
857 183 1024 224 Lmen
1049 183 1297 226 Tannus,
1536 191 1620 239 μγ

63 301 99 344 §⁶
136 291 349 360 positis?
401 288 589 356 postera
645 289 722 338 die
776 288 964 339 Urbem
1018 288 1389 356 ingrederentur.
1473 293 1623 355 Ratio

64 371 331 431 cunctandi,
351 386 414 418 ne
435 379 671 434 asperatus
691 366 854 432 praelio
870 367 1022 428 miles,
1043 384 1140 417 non
1154 370 1349 434 populo,
1370 382 1468 418 non
1489 387 1619 422 sena-

61 451 148 511 tui,
182 467 244 498 ne
265 447 460 513 templis*
491 447 699 512 quidem,
734 462 791 494 ac
829 446 1036 495 delubris
1075 447 1296 497 Deorum
1334 449 1613 500 consuleret.

63 530 161 580 Sed
193 542 385 576 omnem
419 523 745 590 prolationem,
781 534 833 571 ut
858 522 1093 572 inimicam
1128 525 1352 586 victorias,
1385 538 1618 592 suspecta-

62 609 190 656 bant.
274 604 424 654 Simul
467 601 694 668 fulgentia
748 617 833 666 per
889 601 1032 650 colles
1088 603 1275 663 vexilla,
1330 598 1616 670 quamquam

63 683 263 735 imbellis
284 681 486 747 populus
507 691 796 745 sequeretur,
816 680 1018 744 speciem
1040 680 1217 730 hostilis
1234 682 1472 730 exercitus
1493 681 1617 732 fece-

50 772 185 812 .rant.
253 758 505 824 Tripartito
527 758 730 824 agmine,
747 775 855 822 pars
874 770 927 806 ut
960 758 1211 819 adstiterat,
1233 759 1458 808 Flaminia
1479 760 1555 808 via
1574 763 1618 821 3¹

14 836 17 837 ⁷
66 855 174 906 pars
191 841 326 905 juxta
346 837 495 902 ripam
517 835 700 885 Tiberis
721 835 904 884 incessit
923 852 938 896 ς
967 835 1158 884 tertium
1180 853 1367 903 agmen,
1389 854 1474 902 per
1491 838 1619 887 Sala·

61 917 198 977 riam,
221 916 421 966 Collinae
443 927 591 980 portae
606 917 625 937 ²
645 914 998 980 propinquabat.
1071 916 1211 964 Plebs
1244 916 1434 965 invectis
1456 916 1618 982 equiti-

54 998 156 1046 'bus
169 994 288 1044 fusa.
345 994 486 1042 Miles
507 993 778 1041 Vitellianus
799 992 929 1041 trinis
951 1005 997 1042 et
1010 994 1107 1059 ipse
1122 993 1344 1058 praesidiis
1361 998 1373 1022 ³
1397 993 1616 1043 occurrit.

67 1072 235 1124 Praelia
255 1083 361 1120 ante
394 1072 580 1120 Urbem
595 1070 766 1130 multa,
801 1083 848 1119 et
870 1072 1026 1132 varia3
1063 1073 1145 1120 sed
1162 1071 1403 1131 Flavianis,
1427 1072 1620 1120 consilio

68 1153 246 1201 ducum
266 1147 606 1215 praestantibus,
630 1149 804 1213 saepius
826 1163 1060 1214 prospera.
1097 1150 1133 1198 Ii
1156 1151 1341 1199 tantum
1372 1149 1620 1198 conflictati

69 1240 197 1289 sunt,
242 1228 323 1294 qui
387 1227 436 1275 in
490 1238 669 1291 partem
724 1226 952 1275 sinistram
1007 1227 1154 1276 Urbis
1207 1229 1267 1277 ad
1323 1228 1621 1277 Sallustianos

70 1307 273 1366 hoi’tOS,4
305 1322 391 1370 per
422 1316 617 1371 angusta
639 1317 685 1353 et
718 1305 895 1353 lubrica
930 1306 1109 1354 viarum
1143 1305 1381 1357 flexerant.
1447 1308 1622 1370 Super—

70 1396 244 1435 stantes
273 1380 481 1432 maceriis
503 1383 749 1431 hortorum
771 1383 1018 1452 Vitelliani,
1041 1385 1100 1431 ad
1123 1400 1279 1432 serum
1301 1400 1450 1448 usque
1480 1383 1623 1444 diem,

71 1462 195 1512 saxis
227 1460 423 1526 pilisque
466 1463 716 1509 subeuntes
759 1452 1011 1510 arcebant?
1059 1464 1207 1510 donec
1259 1463 1318 1510 ab
1374 1461 1622 1526 equitibus,-

59 1540 155 1606 qui
177 1538 312 1604 porta
337 1537 523 1588 Collina
558 1538 844 1603 inruperant,
879 1539 1338 1588 circumvenirentur.
1410 1541 1623 1588 Concur-

64 1618 179 1674 „rere
221 1628 269 1670 et
307 1617 357 1664 in
400 1633 565 1680 campo
610 1616 783 1664 Martio
821 1615 1000 1665 infestae
1044 1617 1175 1665 acies.
1258 1617 1354 1665 Pro
1398 1616 1623 1667 Flavianis

73 1694 279 1754 fortuna,
314 1707 359 1744 et
398 1706 528 1759 parta
565 1694 730 1743 totiens
768 1694 986 1743 victoria:
1036 1695 1266 1743 Vitelliani
1303 1694 1625 1759 'desperatione

35 1784 47 1802 ¹
73 1771 176 1823 sola
204 1774 430 1833 ruebant3
463 1783 510 1820 et
534 1788 828 1838 ,quamquam
850 1772 988 1837 pulsi,
1021 1789 1182 1822 rursus
1200 1773 1249 1821 in
1272 1774 1408 1821 Urbe
1430 1788 1627 1839 congre·

75 1852 318 1917 gabannu.

147 2002 228 2044 83.
264 1983 497 2054 ADERAJr
528 1993 853 2060 ‘pugnantibus
887 2005 1116 2059 spectator
1148 1995 1366 2060 populus,
1400 2005 1544 2059 utque
1578 1990 1628 2042 in

78 2072 259 2123 ludicro
278 2071 542 2132 certamine,
575 2072 678 2131 hos,
715 2089 874 2121 rursus
895 2072 1000 2120 illos
1022 2073 1224 2120 clamore
1246 2083 1292 2121 et
1313 2073 1477 2137 plausu
1500 2071 1627 2120 fove-

136 2237 151 2255 ¹
169 2237 357 2278 flaminia
385 2235 460 2277 vid.
501 2239 629 2277 Locus
657 2239 822 2290 insigniS‚
945 2237 959 2259 ³
981 2239 1191 2279 Praesidiis.
1222 2239 1406 2278 Praesidia
1433 2238 1502 2276 illa
1534 2237 1629 2276 diei·
1682 2275 1689 2280 ,

83 2305 161 2343 quo
180 2292 325 2343 optime
356 2305 447 2330 usus
473 2301 528 2330 est
557 2293 618 2331 Cl.
640 2294 821 2341 Pii-anesi,
891 2307 976 2332 mus
989 2307 1110 2344 corps,
1127 2295 1318 2333 divisivas.
1335 2294 1475 2331 Tribus
1497 2298 1629 2331 autem

83 2346 285 2387 Antichita
299 2346 477 2392 Romane,
505 2347 580 2384 vol.
599 2360 628 2385 1.
649 2358 689 2398 p.
711 2353 750 2391 ¹7.
778 2358 822 2386 ut
892 2348 930 2385 in
956 2349 1051 2386 locis
1081 2362 1199 2399 prope
1232 2349 1376 2386 Urbem
1415 2354 1629 2409 pugnatum

81 2401 261 2451 probaret
292 2401 392 2438 viam
410 2400 637 2438 Flaminiam
667 2401 819 2439 initium
890 2402 1017 2446 fuisse,
1045 2415 1252 2452 omnesque
1282 2401 1509 2439 Vitellianos
1532 2403 1633 2453 peri-

83 2466 159 2492 non
195 2451 348 2495 duxisse
383 2454 406 2492 ὲ
436 2454 548 2505 porta
580 2455 641 2493 del
668 2455 822 2506 Ρυροῖο,
889 2456 959 2494 isse
977 2456 1094 2494 tradit
1110 2456 1311 2507 Josephus,
1343 2467 1383 2492 m
1402 2455 1460 2492 bis
1478 2468 1635 2498 narran-

81 2508 146 2546 sed
163 2507 189 2546 ὲ,
205 2507 318 2559 porta
335 2507 534 2554 Pincian2'1,
547 2521 634 2558 quae
652 2508 676 2546 ὲ,
693 2510 819 2546 Tiberi
892 2510 950 2547 dis
966 2510 1123 2547 minime
1137 2516 1356 2548 accuratus.
1386 2509 1432 2546 oi
1446 2505 1479 2546 δὲ
1490 2510 1553 2547 οὖὶ
1551 2511 1633 2547 ’πλ-

83 2562 202 2612 magis
219 2562 398 2607 distabat,
430 2569 476 2599 ut
503 2570 608 2612 patet
622 2576 670 2599 ex
687 2564 823 2614 tripar-
893 2562 947 2600 λιό
932 2579 980 2605 ο,υ
999 2564 1061 2600 ml
1075 2578 1129 2615 τςι
1131 2566 1180 2612 χῖ
1195 2564 1289 2600 κατὰ
1308 2579 1363 2603 την
1387 2560 1485 2604 πόλιν
1495 2569 1634 2613 σ-υμβω·

84 2616 155 2654 tito
186 2615 348 2667 agmine,
375 2616 479 2666 quod
498 2617 824 2661 memoratfraci-
895 2625 935 2652 λο
920 2615 1014 2658 ὄντες,
1029 2618 1148 2653 avt-aizo
1133 2633 1203 2654 om
1221 2614 1346 2659 πέἾις.
1358 2618 1513 2668 Joscph.
1533 2618 1634 2658 Bell.

84 2678 160 2708 tus.
209 2669 310 2707 Vide
342 2682 498 2720 quoque
531 2683 648 2720 supra
681 2671 822 2709 Annal.
894 2670 1067 2709 Jud21v.
1089 2677 1150 2708 11.

88 2726 275 2766 x111.47.
946 2721 967 2744 ⁴
1009 2723 1262 2763 Sallustianos
1305 2726 1445 2764 hortos.
1515 2725 1636 2764 Nunc

96 2804 99 2807 -
138 2774 330 2815 ²Collinae
360 2783 494 2827 portae.
528 2778 601 2815 Per
636 2766 823 2816 Salariam
902 2777 1004 2815 Villa
1050 2777 1199 2816 Bellom’
1230 2787 1268 2818 et
1323 2779 1424 2818 Villa
1466 2779 1636 2831 Verospi.

87 2830 186 2869 viam
203 2830 488 2882 propinquabat
507 2831 668 2871 Collinae
687 2839 823 2886 portae,
898 2831 997 2868 Vide
1036 2831 1166 2870 adhuc
1206 2846 1323 2887 supra
1357 2833 1500 2872 Annal.
1535 2845 1645 2872 xm.

88 2890 338 2937 nuncporta
330 2883 485 2926 Satara.
895 2888 960 2929 47.
978 2893 1057 2923 not.
1073 2898 1159 2937 sup.
