1786 3204
71 165 115 206 J.
135 151 310 210 e.69.''
428 145 819 202 nrsTomARuM
847 161 1011 202 LIBER
1039 162 1286 204 TERTIUs.
1375 158 1378 161 ’
1538 172 1615 209 235

98 275 103 282 ‘
146 273 230 320 70.
249 268 410 331 ‘Luca
451 265 618 330 prima,
665 265 877 325 Sabinus,
916 266 1164 332 antequam
1201 255 1418 317 invicem*
1437 269 1618 319 hostilia

76 356 354 409 coeptarent,
378 343 650 393 Cornelium
673 343 951 402 Martialem,
985 343 1013 390 ὲ
1036 344 1424 409 primipilaribus,¹
1456 349 1516 396 ad
1539 349 1618 396 Vi-

78 422 259 469 tellium
294 421 432 480 misit,
467 426 501 449 “
522 437 633 468 cum
654 421 878 486 mandatis
900 431 947 468 et
968 433 1151 485 questu,
1187 422 1317 487 quod
1351 434 1483 488 pacta
1520 437 1618 473 tur-

84 502 115 524 “
147 499 383 547 barentur.
438 482 789 546 Simu'lationem
811 513 999 561 prorsus
1022 509 1067 545 et
1086 499 1334 565 imaginem
1354 502 1618 566 deponendi

83 579 134 607 ‘⁵
145 575 325 639 imperii
363 574 520 634 fuisse,
552 575 612 622 ad
643 575 934 639 decipiendos
965 586 1035 622 tot
1063 576 1276 625 inlustres
1305 578 1442 627 viros·
1513 582 1634 629 Cur'

83 655 116 680 “
146 653 310 701 enim
287 671 315 702 e
337 653 496 701 rostris
517 651 669 700 fratris
691 654 903 713 domum,
935 653 1252 703 imminentem
1274 655 1397 716 foro,
1430 669 1476 705 et
1506 658 1616 705 inri-

83 733 115 756 “
147 730 295 779 tandis
334 730 576 778 hominum
615 730 776 789 oculis,
810 747 954 795 quam
988 732 1306 780 Aventinum²
1345 745 1391 782 et
1428 747 1616 798 penates

83 811 133 834 “
127 809 334 856 uxoris³
366 806 584 878 petisset?
618 809 685 855 Ita
706 807 900 872 privato,
933 820 979 856 et
1002 825 1190 857 omnem
1207 809 1493 875 principatus
1514 831 1636 877 spe-v

82 889 114 912 “
124 885 264 935 ciem
298 886 473 944 vitanti,
507 885 801 933 convenisse:
838 897 1016 944 contra,
1049 886 1321 934 Vitellium
1308 904 1356 935 m
1376 889 1614 952 palatium,

82 967 113 990 ‘⁴
144 963 227 1011 in
214 978 359 1027 lpsam
379 962 559 1027 imperii
579 968 732 1010 arcem
750 979 1027 1027 regressum.
1061 965 1174 1011 Inde
1196 977 1423 1013 armatum
1443 983 1612 1031 agmen

82 1044 111 1067 “
140 1042 392 1100 emissum3
442 1051 628 1088 stratam
672 1040 985 1088 innocentium
1024 1042 1227 1089 caedibus
1265 1043 1612 1092 celeberrimam

81 1123 112 1145 “
144 1118 289 1166 Urbis
309 1126 517 1183 partem:
542 1134 602 1165 ne
621 1117 847 1180 Capitolio
870 1118 1058 1182 quidem
1079 1107 1306 1166 abstineri.
1375 1121 1611 1185 Togatum

81 1200 114 1228 ‘5
144 1185 313 1261 nempe
347 1213 414 1254 se,
447 1207 493 1242 et
531 1200 678 1242 unum
700 1195 726 1241 ὲ
751 1196 1052 1254 senatoribus,
1085 1196 1200 1243 dum
1235 1196 1354 1244 inter
1375 1198 1610 1261 Vespasia-

82 1278 113 1301 “
145 1291 261 1322 num
278 1265 585 1323 acJVitellium
603 1272 768 1336 praeliis
791 1273 1045 1338 legionum,
1062 1273 1389 1336 captivitatibus
1406 1275 1610 1334 urbium,

80 1354 112 1378 “
145 1351 449 1400 deditionibus
471 1350 731 1398 cohortium
749 1351 993 1415 judicatur.
1059 1353 1180 1409 Jam,
1209 1351 1455 1414 Hispaniis,
1490 1354 1612 1400 Ger-

80 1433 113 1455 “
145 1429 415 1493 maniisque,
449 1439 494 1475 et
528 1427 782 1486 Britannia,
816 1428 1186 1487 desciscentibus,
1219 1427 1410 1476 fratrem
1439 1431 1611 1493 Vespa-

79 1510 111 1533 “
143 1506 255 1556 siani
276 1504 509 1553 -mansisse
527 1505 577 1551 in
599 1506 709 1563 fide,
730 1505 891 1552 donec
931 1506 1055 1553 ultro
1077 1507 1136 1554 ad
1154 1506 1439 1554 conditiones
1476 1524 1611 1555 voca-

78 1589 110 1610 “
142 1595 284 1631 retur.
351 1584 519 1630 Pacem
541 1594 586 1629 et
608 1583 903 1630 concordiam
925 1583 1053 1631 victis
1075 1583 1223 1643 utilia3
1249 1584 1497 1632 victoribus
1513 1595 1611 1631 tan-

78 1666 108 1688 “
140 1662 247 1709 tum
285 1660 480 1724 pulchra
514 1676 625 1707 esse.
694 1660 743 1707 Si
781 1661 1094 1708 conventionis
1132 1661 1367 1724 poeniteat,
1406 1678 1502 1708 non
1541 1678 1608 1719 se,

79 1743 111 1765 ‘⁴
145 1736 286 1804 quem
322 1736 515 1802 perfidia
539 1737 786 1800 deceperit,
821 1736 946 1784 ferro
968 1748 1172 1801 peteret;
1209 1754 1305 1784 non
1327 1738 1475 1784 filium
1497 1740 1612 1806 Ves-

78 1821 108 1843 “
131 1816 330 1881 pasiani,
363 1816 442 1863 vix
464 1816 702 1878 puberem.
704 1818 725 1843 ⁴
792 1812 1049 1877 Quantum,
1084 1815 1242 1863 occisis
1275 1831 1370 1865 uno
1404 1832 1529 1874 sene,
1562 1827 1610 1864 et

79 1899 108 1920 “
141 1910 236 1941 uno
254 1896 442 1959 juvene,
475 1891 670 1956 profici?
703 1891 789 1938 iret
819 1891 999 1939 obviam
1036 1892 1309 1957 legionibus,
1345 1893 1402 1939 de
1425 1910 1608 1942 summa

77 1976 107 1998 ‘⁶
140 1970 299 2019 rerum
321 1970 426 2017 ..illic
462 1981 656 2016 certaret
672 1987 702 2016 :v
723 1981 872 2017 cetera
910 1970 1170 2017 secundum
1209 1981 1426 2017 eventum
1463 1970 1608 2033 praelii

79 2053 109 2078 “
143 2049 377 2097 cessura.’'
443 2047 674 2110 Trepidus
709 2049 765 2095 ad
807 2047 908 2095 haec
940 2047 1167 2105 Vitellius,
1201 2063 1345 2110 pauca
1379 2048 1608 2111 purgandi

72 2126 145 2179 sui
167 2124 303 2174 causa
326 2124 578 2188 respondit,
601 2125 784 2188 culpam
808 2131 841 2153 “
864 2125 913 2171 in
934 2125 1159 2173 militem”
1182 2123 1442 2182 conferens,
1476 2128 1510 2150 “
1527 2141 1608 2171 cu-

78 2209 109 2234 ‘·‘
125 2206 201 2269 jus
223 2202 364 2250 nimio
387 2200 541 2249 ardori
561 2200 785 2265 imparem
801 2206 899 2249 e'sse
921 2201 1191 2249 modestiam
1213 2218 1357 2248 suam.
1425 2201 1486 2247 Et
1508 2217 1607 2247 moa-

71 2282 173 2342 nuit
191 2279 472 2337 Martialem,
507 2283 540 2306 “
564 2290 615 2326 ut
636 2295 720 2342 per
753 2290 973 2326 secretam
1009 2278 1179 2326 aedium
1210 2289 1388 2340 partem
1423 2276 1606 2324 occulte

75 2363 107 2385 “
126 2358 289 2416 abiret,
322 2373 381 2406 ne
402 2356 432 2405 ὲ
454 2355 671 2404 militibus
705 2356 1009 2404 internuntius
1044 2355 1199 2403 invisae
1228 2354 1350 2418 pacis
1378 2355 1603 2404 interfice-

126 2550 208 2588 'E
238 2551 546 2601 primipilaribus.
595 2551 635 2588 Ε
668 2551 802 2602 'primis'
869 2555 935 2589 ma
958 2551 1205 2589 Vitelliorum
1232 2550 1270 2587 in
1295 2555 1374 2587 not.
1396 2554 1435 2586 et
1455 2549 1603 2586 emend.

71 2605 373 2644 centurionibus.
428 2605 529 2642 Vide.
558 2605 801 2675 dictasup1a
832 2630 835 2658 Ι
872 2607 919 2643 ad
942 2607 1041 2644 Hist.
1063 2618 1091 2642 1.
1110 2610 1149 2650 9.
1616 2616 1619 2620 ¹

70 2658 280 2727 4n2nal.11.
306 2663 366 2696 11.
410 2668 412 2672 “
831 2663 836 2705 ἱ,
923 2657 941 2679 ⁴
974 2659 1047 2697 Vix
1081 2659 1265 2708 puberem.
1322 2656 1601 2699 Domitianum,

181 2711 303 2755 Quam
347 2705 585 2752 Aventinum.
653 2713 800 2758 Potius,
834 2710 836 2755 ἶ
871 2719 1004 2750 natum
1029 2715 1077 2750 Α.
1100 2713 1148 2749 U.
1165 2711 1219 2750 C.
1221 2714 1324 2748 804.
1353 2710 1414 2746 die
1443 2713 1481 2753 9.
1524 2709 1603 2746 Ka·

70 2764 190 2819 quam
236 2770 401 2807 montem
442 2765 688 2812 Aventinum,
732 2767 798 2816 qui
833 2768 835 2807 Ξ
872 2766 1001 2803 lendas
1028 2766 1273 2809 Novscmbre,
1300 2768 1366 2800 scu
1397 2768 1466 2802 24
1482 2763 1617 2800 Octo-

70 2819 259 2868 hodieque
286 2819 431 2856 dicitur
449 2818 582 2856 Monte
600 2820 800 2866 Aventino,
830 2810 835 2880 f
872 2819 960 2865 bris,
989 2820 1222 2870 Vespasiano
1241 2814 1530 2875 patieconsu'k
1542 2815 1617 2852 de

71 2872 128 2909 vel
148 2870 282 2909 Monte
299 2872 339 2910 di
357 2871 476 2910 santa
494 2871 647 2910 Sabina.
830 2882 834 2918 1
868 2873 1032 2922 signato,
1043 2873 1260 2922 inituroque
1266 2866 1384 2908 ἦιεηεε
1395 2869 1614 2919 insequenti

122 2922 139 2944 ³
171 2925 322 2964 Uxoris.
351 2926 528 2964 Galeriae.
559 2927 658 2964 Vide
679 2927 800 2964 Stem-
830 2919 833 2954 ἶ
870 2927 1054 2964 honor-mm
1110 2927 1265 2963 Sueton.
1286 2925 1323 2961 in
1346 2924 1541 2961 Domini
