1786 3204
14 214 17 221 Ι
92 163 132 204 J.
149 162 198 202 c,
215 158 283 206 69.

434 155 821 198 HISTORIARUM
849 156 1012 197 LIBER
1037 156 1284 199 TERTIUS.
1552 165 1633 208 217

90 263 347 323 liburnicis,
376 262 645 328 adsequitur
677 261 929 311 Anicetum
959 261 1010 311 in
1041 262 1158 311 ostio
1191 262 1393 312 fluminis
1427 266 1634 329 Cohibi:

91 354 247 391 tutum
283 342 372 390 sub
411 340 794 398 Sedochezorum
828 339 950 404 regis
965 343 982 362 ²
1019 341 1209 401 auxilio,
1248 359 1389 406 quem
1433 347 1629 408 pecunia

91 419 317 483 donisque
338 418 396 465 ad
430 417 693 465 sociemtem
726 416 1004 480 perpulerat.
1072 420 1146 465 Ac
1183 418 1336 482 primo
1370 437 1456 469 rex
1496 424 1631 475 minis

89 495 322 559 armisque
360 495 615 559 supplicem
652 493 799 542 tueri:
836 494 1084 558 postquam
1121 512 1297 544 merces
1341 498 1628 563 proditionis,

89 584 170 621 aut
190 573 369 620 bellum
391 572 734 630 ostendebatur,
757 571 904 633 fluxa,
927 584 978 619 ut
1002 584 1068 619 est
1091 573 1310 632 barbaris,
1334 575 1444 634 fide,
1465 590 1629 640 pactus

87 649 274 698 Aniceti
309 649 518 707 exitium,
556 647 774 714 perfugas
812 648 1013 707 tradidit,
1052 649 1268 714 belloque
1303 653 1482 700 servili³
1521 656 1629 706 finis

87 726 341 794 impositus.
408 727 594 776 Laetum
624 724 680 773 ea
701 725 891 773 victoria
914 725 1261 789 Vespasianum,
1283 731 1460 796 cunctis
1487 749 1631 798 super

89 814 196 853 vota
239 803 502 862 fluentibus,
541 804 867 852 Cremonensis
911 803 1056 867 praelii
1094 804 1282 852 nuntius
1324 806 1373 853 in
1416 809 1627 874 AEgypto

85 880 365 945 adsequitur.
414 881 487 928 Εὸ
506 880 830 944 properantius
846 880 1179 928 Alexandriam
1203 883 1370 947 pergit,
1394 897 1461 943 ut,
1478 885 1626 949 fracto

88 957 260 1006 Vitellii
299 958 522 1017 exercitu,
557 960 742 1006 Urbem
780 975 968 1022 quoque
1008 970 1212 1007 externae
1248 961 1348 1024 opis
1362 965 1379 990 ⁴
1421 962 1626 1028 indigam

82 1035 209 1087 fame
241 1047 443 1102 urgeret.
510 1037 728 1101 Namque
761 1048 807 1085 et
828 1036 1074 1104 Africam?
1106 1037 1271 1084 eodem
1304 1039 1444 1086 latere
1474 1040 1626 1101 sitam,

84 1114 209 1164 terri
242 1114 449 1179 marique
471 1113 686 1162 invadere
712 1115 916 1178 parabat,
950 1113 1113 1161 clausis
1146 1129 1342 1163 annonae
1377 1114 1627 1178 subsidiis‚⁶

85 1190 288 1256 inopiam
309 1208 361 1240 ac
385 1191 658 1240 discordiam
680 1190 800 1242 hosti
821 1191 1040 1240 facturus.

113 1339 116 1340 ⁷
151 1351 231 1395 49.
266 1347 398 1398 DUM
435 1347 524 1399 hac
563 1347 702 1401 totius
746 1346 869 1399 orbis
909 1346 1177 1405 mutatione,
1215 1345 1402 1395 fortuna
1443 1347 1624 1414 imperii

83 1424 260 1483 transit,
294 1424 477 1475 Primus
510 1425 743 1479 Antonius
777 1441 1069 1489 nequaquam
1103 1424 1200 1488 pari
1229 1425 1491 1473 innocentia
1519 1439 1627 1492 post

84 1502 368 1554 Cremonam
383 1506 398 1532 ⁷
435 1504 628 1567 agebat;
664 1499 945 1550 satisfactum
980 1501 1104 1549 bello
1135 1513 1278 1561 ratus,
1309 1514 1355 1550 et
1377 1515 1528 1552 cetera
1559 1522 1622 1553 ex

82 1576 236 1634 facilit
272 1596 353 1642 seu
391 1578 580 1628 felicitas
612 1581 660 1627 in
698 1580 776 1633 tali
814 1579 999 1645 ingenio
1044 1580 1293 1638 avaritiam,
1338 1581 1622 1643 superbiam,

83 1667 327 1720 ceteraque
348 1657 530 1710 occulta
550 1657 671 1704 mala
691 1656 917 1721 patefecit.
985 1658 1056 1708 Ut
1086 1668 1282 1720 captam,
1315 1657 1490 1706 Italiam
1519 1675 1624 1722 per·

83 1733 282 1792 sultare3
319 1745 371 1780 ut
400 1751 520 1793 suas,
557 1734 760 1799 legiones
790 1734 974 1793 colere;
1010 1734 1225 1781 omnibus
1247 1734 1377 1782 dictis
1399 1732 1636 1800 factisque

80 1809 178 1861 vim
200 1811 284 1859 sibi
306 1812 363 1860 ad
387 1812 636 1875 potentiam
658 1823 864 1863 struere:
889 1823 1033 1876 utque
1057 1811 1238 1860 licentia
1260 1811 1450 1859 militem
1472 1810 1624 1860 imbu-

82 1899 198 1946 eret,
236 1887 584 1941 interfectorum
627 1888 951 1938 centurionum
994 1889 1179 1937 ordines
1218 1888 1476 1954 legionibus
1510 1889 1625 1938 offe·

80 1965 240 2017 rebat:
292 1981 351 2013 eo
392 1966 611 2033 suffragio
663 1967 1000 2021 turbidissimus
1046 1966 1242 2032 quisque
1286 1966 1480 2014 delecti:
1532 1982 1622 2016 nec

887 2129 966 2163 not.
998 2128 1036 2160 et
1065 2122 1212 2160 emend.
1237 2122 1288 2159 ad
1324 2113 1426 2160 Hist.
1454 2132 1524 2160 ιη.
1551 2125 1621 2162 48.

889 2177 996 2222 lazi,
1015 2189 1118 2214 nunc
1141 2175 1290 2213 Guriel.

139 2117 151 2136 ¹
187 2119 361 2162 Fluminis
390 2120 533 2165 Cohibi,
569 2122 713 2161 Melius
733 2124 818 2171 flu-

83 2173 193 2215 minis
229 2173 331 2215 cohi,
386 2175 493 2217 Idem
526 2177 626 2218 enim
666 2184 733 2221 cst,
768 2177 814 2215 de

83 2241 162 2277 quo
182 2227 342 2274 Plinius,
361 2241 420 2266 vl.
438 2233 477 2266 4.
508 2229 659 2268 Flumen
679 2231 813 2268 Cobum

83 2280 103 2317 ὲ
121 2280 287 2320 Caucaso
300 2295 371 2331 per
388 2282 532 2320 Suanos
535 2284 679 2333 fluens.
710 2285 816 2322 Arri-

83 2347 179 2372 anus
190 2335 228 2372 in
245 2336 382 2386 Peripl.
395 2337 516 2384 Κὸβος
530 2339 696 2386 rorasse-35,
711 2350 812 2377 nunc

83 2387 325 2427 Kobidzkali.
368 2390 412 2426 ln
427 2391 593 2428 Pontum
611 2391 811 2432 Euxinum

83 2440 208 2484 influit
218 2455 335 2493 supra
354 2443 486 2481 Phasis
502 2445 610 2483 ostia.

135 2491 155 2510 ²
208 2495 497 2537 Sedochezorum
516 2499 632 2550 regis.
698 2498 815 2536 Error

82 2549 187 2588 certe
201 2559 269 2596 est,
284 2557 322 2587 et
336 2551 628 2597 emendandum,
648 2561 690 2590 ut
709 2552 811 2589 recte

83 2603 248 2651 conjecit
268 2603 440 2650 Colerus,
457 2605 523 2645 snb
541 2605 712 2651 Sedochi,
738 2605 815 2644 La·

80 2668 207 2702 zorum
233 2657 348 2707 regis,
377 2657 516 2696 auxilio
532 2674 545 2697 .·
576 2659 635 2697 ita
660 2671 815 2709 quoque

80 2710 193 2748 vertit
210 2710 273 2748 Cl.
292 2711 464 2758 Gordon,
480 2725 577 2762 upon
591 2713 655 2750 the
664 2718 814 2763 protec-

79 2763 159 2811 Ῑίοη
178 2763 226 2815 qs
246 2763 445 2810 Sedochus,
464 2765 574 2816 King
592 2766 641 2817 qs
660 2766 722 2804 the
739 2765 816 2805 La·

82 2817 198 2858 ziam.
254 2817 317 2856 Sic
353 2831 508 2869 quoque
539 2820 715 2857 Dureau.
751 2820 815 2863 Cl,

83 2869 256 2920 Murphy
274 2877 418 2918 contra,
444 2872 561 2915 under
585 2873 646 2911 the
665 2879 818 2924 protec-

78 2923 218 2982 tiOssssf
227 2914 532 2980 tlzXSedoclzezan
547 2927 690 2965 nation.
710 2927 812 2965 Vide

940 2227 956 2250 ³
987 2230 1164 2279 Belloque
1182 2228 1326 2267 servili.
1372 2228 1526 2267 Bellum
1547 2241 1623 2266 ser·

887 2283 963 2322 vile
1007 2283 1192 2334 appellat,
1240 2283 1461 2333 quodejus
1503 2294 1623 2321 causa

887 2339 1087 2382 Anicetus,
1125 2349 1226 2374 nunc
1261 2337 1419 2388 quidem
1447 2336 1621 2385 libertus,

887 2390 980 2429 olim
998 2403 1140 2428 servus.

937 2442 957 2466 ⁴
996 2445 1177 2485 Externoe
1207 2443 1300 2493 opis.
1347 2444 1495 2501 Eadem
1533 2443 1620 2483 vide

887 2498 1027 2540 Annal.
1047 2510 1116 2536 111.
1137 2501 1202 2536 54.

938 2550 952 2572 ⁵
982 2551 1172 2603 Africam.
1202 2550 1321 2588 Nunc
1342 2549 1474 2589 Tamis.

937 2601 955 2623 ⁶
973 2606 1142 2644 Annonae
1160 2603 1348 2642 subsidiis.
1367 2604 1432 2642 Sic
1452 2605 1622 2644 claustra

883 2671 1043 2702 annonae
1062 2659 1168 2697 dicta
1185 2664 1275 2694 sunt
1292 2670 1408 2709 supra
1429 2659 1531 2698 Hist.
1550 2672 1623 2701 ιη.

885 2716 923 2752 8.
962 2713 1128 2757 Romam
1171 2710 1326 2750 alebant
1362 2712 1553 2764 AEgyptus
1582 2723 1621 2752 et

882 2766 1032 2806 Africa..

875 2848 887 2853 α
936 2817 953 2840 ⁷
983 2819 1077 2858 Post
1096 2817 1325 2856 Cremonam.
1356 2818 1447 2857 Post
1475 2786 1624 2871 expri-

883 2881 1014 2913 natam
1034 2873 1275 2913 Cremonam.
