2210 3978
202 145 302 207 662
738 145 950 194 NOTAE.
985 145 1070 192 ET
1106 144 1665 194 EMENDATIONES

205 273 440 343 accipere
474 271 707 338 voluerit,
746 272 924 324 saltem
971 273 1185 324 fateatur
1225 291 1476 324 summam
1501 272 1641 325 illam
1685 292 1794 325 esse
1833 271 1986 327 totius
2023 273 2162 326 vitis*

204 385 623 438 gemmarumque
671 364 910 435 pretium.
1009 364 1167 423 Quod
1233 365 1438 435 quidem
1494 364 1578 417 vix
1652 365 1922 436 probabile
1977 366 2162 419 adhuc*

206 444 476 524 videretur,
514 458 565 509 ni
598 456 838 510 sciremus
862 458 994 510 hanc
1037 457 1207 523 vitem,
1246 476 1350 510 non
1392 457 1539 510 unius
1579 457 1825 524 Herodis,
1863 459 1954 510 sed
1990 457 2146 512 totius

204 551 368 622 gentis
407 550 443 605 J
449 552 656 616 udaicae,
697 570 788 619 per
827 570 1035 603 omnem
1074 560 1322 603 terrarum
1367 553 1547 604 orbem
1585 550 1799 618 diffusae,
1838 561 1890 604 et
1929 552 1994 604 ad
2028 567 2143 604 eam

204 643 629 712 magnificentiam
672 664 764 714 per
804 642 1080 713 nonaginta
1120 643 1281 697 ferme
1325 663 1483 697 annos
1528 662 1720 714 pronae,
1757 653 2144 697 monumentum

207 737 378 789 fuisse.
454 722 782 808 Quicumque
842 737 978 789 enim
1042 756 1222 789 aurum
1268 736 1467 806 templo
1517 739 1752 802 vovebat,
1804 735 2004 804 folium,
2054 746 2146 790 aut

206 849 369 895 uvam,
409 832 695 896 botrumve‚
733 850 794 882 ex
818 830 919 882 hac
945 829 1047 883 vite
1071 830 1435 900 suspendebat,
1475 840 1531 882 ut
1555 829 1725 883 videre
1749 840 1826 882 est
1861 829 1913 883 in
1940 828 2141 896 Misnfl,

203 922 276 975 tit.
305 922 575 975 Middoth.
615 943 729 994 cap.
758 931 808 976 3.
846 943 897 975 n.
924 930 974 976 8.
1052 923 1212 977 Haud
1238 923 1423 976 mirum
1467 922 1589 993 ergo
1628 922 1681 976 in
1721 922 1969 976 maximas
2012 941 2155 994 opes-

205 1016 488 1069 excrevisse
515 1015 666 1069 vitem
691 1015 849 1080 illam,
890 1034 1020 1088 quae,
1059 1016 1266 1070 oculato
1288 1025 1414 1069 teste
1438 1016 1474 1070 J
1480 1016 1695 1086 oseph0‚
1734 1020 1768 1047 “
1788 1016 2145 1088 Antiq.Jud.'’

209 1127 308 1161 xv.
345 1117 423 1160 11.
462 1127 512 1160 n.
538 1117 589 1163 3.
628 1108 955 1176 intuentibus,
994 1114 1156 1162 “tum
1193 1109 1557 1178 magnitudine,
1597 1120 1703 1162 tum
1743 1120 1865 1176 arte,
1903 1109 1957 1163 in
1998 1095 2143 1163 tanta

204 1201 440 1271 pretiosae
465 1201 686 1254 materiae
712 1202 886 1272 copia,
925 1201 1223 1256 miraculum
1266 1202 1579 1255 videbatur.’'
1650 1203 1761 1256 ιΥπδ
1805 1206 1901 1266 τοῖς
1942 1201 2145 1276 θριγκώ-

203 1315 353 1362 μασιν
393 1297 606 1362 ἄμπελος
662 1293 896 1361 ᾤετέτατο
947 1300 1131 1369 χρυσῆ,
1185 1296 1291 1357 τοὺς
1331 1296 1498 1368 βότρυς
1543 1294 1892 1369 ἀπῃωςημένους
1941 1295 2146 1368 ἔχουσα·

204 1388 362 1457 θαῦμα
387 1390 466 1441 καὶ
490 1394 571 1441 τοῦ
594 1387 815 1459 μεγέθους
840 1389 918 1440 καὶ
945 1393 1027 1453 τῆς
1051 1387 1221 1461 τέχνης
1243 1391 1339 1450 τοῖς
1367 1392 1550 1455 ἰδοῦσιν,
1579 1390 1664 1442 οἷον
1689 1393 1732 1442 ἐν
1761 1388 2043 1461 πολυτελείᾳ
2059 1394 2144 1454 τῆς

205 1478 316 1545 ὅλης
340 1483 393 1534 τὸ
422 1482 804 1535 κατασκευασθὲν
828 1480 895 1545 ἦν.

276 1575 492 1628 Videtur
514 1586 684 1628 autem
708 1576 743 1629 J
749 1576 921 1628 udaeos
946 1574 996 1626 in
1034 1575 1135 1628 hoc
1174 1594 1338 1627 aureae
1383 1575 1494 1627 vitis
1537 1585 1719 1627 ornatu
1764 1575 1987 1629 imitatos
2028 1594 2139 1630 esse

206 1689 382 1738 regum
404 1665 685 1721 Persarum
711 1667 1157 1746 magnificentiam,
1196 1687 1348 1738 quam
1384 1652 1666 1721 luculenter
1692 1679 1901 1722 testatur
1926 1668 2142 1736 Chares,

206 1760 554 1829 Mitylenaeus,
592 1762 732 1830 apud
755 1761 1082 1823 Athenaeum,
1122 1761 1213 1813 lib.
1243 1779 1359 1813 ΧΠ.
1400 1781 1453 1831 p.
1479 1768 1603 1814 514.
1679 1767 1765 1824 Εἷς
1790 1768 1945 1830 τοῦτο,
1981 1764 2140 1829 <bno-lv,

201 1854 308 1920 ἧκον
344 1860 383 1907 οῖ
422 1860 513 1907 τῶν
541 1861 734 1927 Περσῶν
765 1856 1002 1920 βασιλεῖς,
1041 1852 1163 1907 ὥστε
1190 1854 1382 1925 ἔχεσθαι
1426 1863 1508 1919 τῆς
1545 1857 1803 1921 βασιλικῆς
1845 1855 2002 1919 κλίνης
2027 1855 2140 1930 ὑπὲρ

204 1953 414 2013 κεφαλῆς
454 1946 628 2017 οἴκημα
670 1970 715 2001 τι
743 1948 1062 2013 πεντάκλινον,
1092 1951 1136 1999 ἐν
1161 1945 1198 2019 ᾦ
1227 1946 1436 2021 χρυσίου
1468 1947 1847 2020 πεντακισχίλια
1870 1951 1946 2002 διοὶ
1966 1949 2140 2016 παντὸς

205 2042 351 2094 ἔκειτο
373 2042 612 2107 τάλαντα,
652 2041 733 2093 καὶ
758 2046 893 2093 τοῦτο
922 2043 1136 2094 ἐκαλεῖτο
1162 2040 1552 2114 προσκεφάλαιον
1579 2027 1862 2107 ’βασιλικόν
1905 2042 1985 2095 καὶ
2023 2040 2144 2115 vrgo}

200 2138 347 2188 ποδῶν
373 2132 517 2208 ἕτερον
543 2132 717 2203 οἴκημα
741 2134 991 2206 τρίκλινον,
1031 2134 1081 2187 οὗ
1099 2134 1319 2188 τάλαντα
1342 2133 1765 2207 τρισχίλιαέκειτο
1785 2135 2030 2209 ἀργυρίου,
2055 2135 2139 2190 καὶ

199 2227 563 2301 προσηγορεύετο
589 2229 843 2294 βασιλικὸν
881 2227 1075 2282 ὑπόὸιον·
1116 2226 1167 2292 ἦν
1212 2228 1256 2280 δὲ
1295 2231 1338 2280 ἐν
1381 2230 1452 2299 τῷ
1484 2234 1662 2281 κοιτῶνι
1705 2229 1784 2280 καὶ
1807 2228 2138 2296 λιθοκόλλητος

199 2320 407 2390 ἄμπελος
437 2326 605 2394 χρυσῆ
628 2323 738 2394 ὑπὲρ
763 2324 844 2385 τῆς
871 2321 1047 2385 κλίνης·
1101 2325 1183 2386 τὴν
1208 2322 1253 2374 δὲ
1277 2318 1490 2390 ἄμπελον
1513 2320 1685 2385 ταύτην
1727 2321 1962 2391 Ἀμύντας
1993 2322 2153 2390 Φησὶ-ἶν’

202 2417 247 2467 ἐν
271 2418 366 2476 τοῖς
385 2415 610 2482 σταθμοῖς
629 2414 708 2466 καὶ
726 2411 930 2486 βότρυας
949 2414 1075 2486 ἔχειν
1102 2418 1153 2468 ἐκ
1172 2420 1263 2468 τῶν
1286 2414 1707 2467 πολυτελεστάτων
1726 2413 1896 2480 ψήφων
1915 2417 2140 2470 συντεθει-

196 2505 374 2575 μένους.
414 2513 448 2538 “
467 2507 737 2578 Εὰυεᾳυθ
763 2505 965 2573 ΙυΧῦ3,”
985 2507 1148 2579 inquit
1173 2507 1386 2574 ChareS‚
1425 2513 1461 2538 “
1478 2500 1835 2576 processerunt
1859 2488 2136 2562 Persarum

199 2619 363 2669 reges,
407 2609 464 2652 ut
504 2601 568 2652 ad
604 2600 844 2653 verticem
888 2600 1013 2669 regii
1048 2600 1230 2653 cubilis
1254 2601 1472 2670 superne
1498 2611 1630 2653 esset
1655 2600 1977 2653 coenaculum
2014 2620 2135 2655 cum

197 2693 423 2763 quinque
438 2692 602 2757 lectis,
617 2693 668 2745 in
684 2713 787 2764 quo
807 2692 993 2745 talenta
1012 2695 1119 2747 auri
1141 2693 1408 2765 quinquies
1425 2693 1581 2760 mille,
1593 2693 1647 2746 A
1651 2693 1758 2767 ngl.
1775 2693 2136 2761 14‚062,5ool.
2168 2720 2173 2727 =

198 2805 400 2855 semper
444 2786 871 2852 adservabantur3
924 2787 977 2838 id
1017 2787 1232 2839 cervical
1275 2787 1473 2856 regium
1523 2786 1881 2857 appellabant:
1945 2786 2134 2841 cubilis

197 2879 316 2930 vero
344 2878 561 2947 pedibus
588 2878 799 2931 alterum
843 2891 950 2931 erat
988 2880 1311 2933 coenaculum
1337 2899 1456 2932 eum
1482 2879 1645 2935 trihus
1667 2879 1827 2945 lectiS,
1865 2879 1956 2932 ubi
1979 2897 2137 2950 repo-

196 2970 289 3022 sita
315 2971 620 3023 talentorum
647 2972 839 3041 argenti
864 2973 960 3025 tria
983 2972 1160 3038 millia,
1190 2973 1353 3046 Angl.
1380 2971 1656 3038 520,000l.
1683 2973 1823 3042 quod
1847 2971 2131 3026 scabellum

194 3064 326 3131 regis
350 3066 714 3133 nuncupabant
737 3087 749 3118 :
788 3065 839 3117 in
863 3067 971 3137 ejus
997 3065 1238 3119 cubiculo
1262 3066 1359 3119 fuit
1392 3084 1599 3137 quoque
1627 3064 1737 3118 vitis
1778 3084 1946 3132 aurea,
1974 3082 2130 3135 ‘gem-

194 3155 290 3207 mis
316 3168 507 3221 ornata,
547 3176 700 3226 super
724 3158 914 3211 lectum
941 3159 1171 3225 distenta,
1211 3161 1358 3231 cujus
1383 3176 1505 3212 uvas
1531 3159 1800 3228 Amyntas,
1836 3158 1890 3210 in
1911 3157 2044 3212 libro
2060 3158 2134 3211 de?

196 3246 541 3313 Ponderibus,
580 3249 647 3302 ait
672 3270 734 3303 ex
760 3251 1138 3320 pretiosissimis
1162 3253 1379 3322 gemmis
1403 3251 1717 3322 compositas
1739 3250 1945 3305 fuisse.''

264 3340 459 3393 Tantas
484 3361 611 3411 opes
636 3343 689 3396 in
716 3343 934 3398 Oriente
959 3364 1205 3417 umquam
1231 3345 1454 3399 extitisse
1477 3344 1561 3398 vix
1586 3346 1924 3410 crederemuS,
1961 3343 2013 3397 ni
2060 3341 2128 3397 iis

192 3430 346 3485 fidem
386 3434 591 3488 fecisset
629 3447 804 3490 nostra
830 3448 969 3506 aetas,
1007 3438 1128 3491 cum
1154 3438 1455 3504 audivimUS,
1494 3448 1543 3491 et
1567 3436 1714 3491 multi
1746 3436 1845 3508 ipsi
1870 3436 2122 3503 viderunt,
